3234 5059
163 400 221 501 v1]
492 403 688 479 Hundred
708 404 758 501 of
775 404 906 479 Staim
1198 413 1264 482 261

158 590 340 675 socagium.
387 592 482 656 Idem
504 590 703 675 W[alterus]
723 601 757 657 et
778 590 958 675 participes
978 592 1030 657 sui
1050 601 1167 657 tenent
1188 592 1270 658 .xlii.

158 714 253 759 acras
264 704 350 761 terre
361 696 405 761 de
416 695 515 761 feodo
525 695 567 761 de
577 696 690 781 Burgo
702 715 761 781 per
772 695 954 781 socagium,
962 706 998 762 et
1009 696 1134 762 debent
1143 706 1267 763 sectam

158 819 217 883 per
239 819 375 879 annum,
397 810 432 867 et
454 801 556 867 iidem
580 801 706 868 debent
729 819 937 883 perannum
960 798 1059 886 ‚iiijd
1076 802 1119 867 de
1140 800 1269 868 auxilio

158 903 373 971 vicecomitis.
418 906 456 973 Β.

224 1010 385 1076 Fodleam¹
414 1008 626 1095 [Fordham1.
673 1010 841 1075 Henricus
874 1010 917 1075 de
948 1010 1146 1076 Kemececb'
1175 1020 1268 1077 tenet

159 1112 293 1179 feodum
306 1114 436 1179 dimidii
453 1114 568 1178 militis
580 1115 623 1179 de
634 1114 773 1179 domino
786 1114 882 1197 Rege
893 1113 927 1177 in
942 1114 1061 1197 capite.
1099 1114 1268 1180 Robertus

158 1217 189 1281 le
212 1218 344 1300 Noreys
369 1227 462 1283 tenet
488 1216 623 1282 feodum
647 1216 778 1281 dimidii
802 1216 917 1283 militis
942 1217 986 1282 de
1011 1217 1149 1283 domino
1173 1218 1267 1302 Rege

158 1322 190 1385 in
213 1323 330 1406 capite.
378 1322 508 1387 Ibidem
530 1332 609 1386 sunt
629 1321 673 1386 de
689 1320 885 1387 Dodeshide
904 1332 939 1386 et
960 1321 1062 1387 debet
1082 1330 1218 1399 sectam,
1233 1332 1267 1388 et

160 1423 390 1509 Rumpeshide
412 1433 445 1488 et
470 1423 571 1487 debet
595 1433 732 1501 sectam,
755 1434 790 1489 et
814 1424 893 1488 villa
919 1444 987 1488 non
1013 1424 1115 1490 debet
1140 1434 1266 1491 sectam

158 1547 267 1611 neque
288 1526 453 1592 auxilium
476 1526 691 1591 vicecomitis.

221 1630 445 1716 Badlingham
461 1631 700 1716 [Badlingham
722 1633 756 1697 in
773 1632 1031 1717 Chippenham1.
1077 1634 1267 1701 Euerardus

158 1736 189 1801 le
205 1737 373 1819 Franceys
389 1746 482 1802 tenet
503 1736 639 1801 feodum
656 1736 686 1820 .j.
701 1737 819 1802 militis
834 1737 877 1802 de
892 1738 1019 1803 honore
1035 1739 1266 1807 Richmondie.

160 1839 290 1905 ibidem
305 1841 406 1905 debet
426 1850 553 1905 sectam
576 1850 611 1905 et
631 1840 674 1905 de
691 1841 821 1906 auxilio
835 1842 1041 1907 vicecomitis
1062 1863 1122 1927 per
1141 1864 1266 1910 annum

157 1942 222 2027 ijs.
269 1943 400 2009 ibidem
416 1954 494 2009 sunt
509 1944 564 2027 .iij.
579 1944 657 2010 hide
672 1955 708 2011 et
723 1945 864 2011 dimidia
877 1946 1085 2029 geldabiles¹.

425 2200 631 2265 Hundredus
651 2201 690 2265 de
713 2200 819 2267 Statu
840 2200 997 2286 [Staine].

221 2338 439 2405 Bodekesltam
462 2339 691 2424 [Bottisham].
736 2340 927 2405 Willelmus
949 2339 1037 2406 filius
1064 2340 1201 2405 Martini
1232 2348 1355 2421 ett151

156 2442 326 2524 Johannes
350 2444 392 2507 de
417 2443 514 2508 Relle
534 2454 650 2509 tenent
673 2443 771 2509 seoda
791 2444 834 2527 .ij.
854 2443 998 2509 militum
1014 2444 1058 2509 de
1077 2445 1203 2509 honore
1222 2443 1267 2508 de

158 2546 380 2631 Bukingham.
427 2547 558 2613 Ibidem
593 2548 695 2614 debet
733 2549 936 2614 Eustachius
966 2549 1010 2614 de
1039 2549 1072 2613 la
1107 2550 1203 2614 Lade
1235 2548 1265 2632 .j.
1283 2537 1290 2638 ἶ

157 2660 282 2715 sectam
295 2661 330 2716 et
344 2653 448 2736 Hugo
460 2651 546 2716 filius
559 2652 741 2737 Augustini
753 2653 783 2736 .j.
795 2664 922 2719 sectam
936 2674 996 2736 pro
1007 2654 1169 2719 comitatu
1180 2674 1265 2737 quas
1286 2643 1290 2724 l

156 2756 256 2819 debet
271 2777 332 2839 pro
348 2767 420 2821 tota
432 2757 554 2823 villata.
593 2759 724 2823 Ibidem
740 2769 819 2824 sunt
831 2781 873 2824 .x.
886 2759 964 2824 hide
975 2768 1062 2825 terre
1073 2759 1265 2843 geldebilee,
1290 2793 1294 2804 ·

155 2870 189 2924 et
205 2869 277 2924 tota
292 2859 370 2924 villa
386 2862 485 2925 debet
497 2862 538 2945 .ij.
551 2883 679 2927 marcas
695 2863 738 2927 de
749 2863 878 2928 auxilio
889 2862 1094 2928 vicecomitis
1104 2872 1139 2928 et
1152 2863 1265 2929 franco

157 2964 276 3049 plegio.

224 3067 327 3148 Queye
349 3067 466 3152 [Quy].
513 3069 701 3135 Willelmus
723 3070 766 3134 de
789 3070 943 3157 Hobrigfi
966 3078 1058 3135 tenet
1079 3070 1213 3136 seodnm
1235 3071 1264 3156 .j.

157 3174 271 3237 militis
286 3175 329 3237 de
344 3173 502 3257 episcopo
523 3174 670 3258 Elyensi,
685 3185 719 3239 et
733 3174 835 3240 debet
850 3176 880 3258 .j.
895 3185 1031 3239 sectam.
1076 3176 1119 3239 W
1122 3176 1264 3241 illelmus

155 3279 198 3341 de
222 3277 339 3360 Queye
363 3287 455 3342 tenet
479 3278 512 3341 in
537 3278 655 3361 Queye
684 3288 719 3343 et
750 3278 783 3343 in
811 3279 946 3343 Hattell
968 3278 1104 3344 feodum
1134 3279 1263 3345 dimidii

156 3383 269 3447 militis
296 3383 338 3446 de
365 3382 534 3446 Willelmo
564 3384 607 3448 de
640 3383 793 3469 Hobrigfi
822 3384 880 3467 qui
910 3393 1003 3448 tenet
1027 3384 1061 3449 in
1088 3383 1198 3467 capite
1221 3384 1264 3448 de

155 3487 293 3550 domino
332 3486 433 3569 Rege.
480 3487 573 3551 Idem
613 3485 800 3551 Willelmus
836 3487 879 3550 de
911 3486 1041 3571 Hobrifi
1069 3488 1171 3552 debet
1206 3509 1265 3572 per

155 3610 280 3654 annum
311 3590 354 3653 de
383 3590 512 3654 auxilio
549 3588 755 3653 vicecomitis
793 3610 854 3671 pro
892 3588 1021 3673 Queye,
1058 3589 1263 3667 Bokeswrth,

156 3694 310 3770 Coniton,
332 3693 450 3771 Beche,
473 3693 662 3770 Grandene,
686 3693 835 3767 Hattele,
859 3714 928 3756 .x.s.
973 3692 1142 3757 Albricius
1163 3693 1263 3759 debet

155 3808 291 3861 sectam.

221 3902 249 3966 S
251 3900 470 3985 towelStow}
508 3899 698 3965 Willelmus
712 3900 878 3983 Engayne
887 3910 981 3965 tenet
996 3899 1130 3965 feodum
1146 3901 1264 3985 .xxvij.

155 4006 259 4089 partis
284 4006 312 4069 .i.
344 4005 458 4069 militis
488 4006 531 4069 de
559 4004 658 4069 leodo
688 4003 821 4068 abbatis
851 4004 894 4067 de
924 4004 1120 4087 Rameseye.
1167 4006 1262 4070 Idem

204 4140 213 4171 ¹
232 4142 262 4189 ln
276 4140 318 4190 the
331 4142 357 4189 bl
362 4140 389 4191 S.
397 4141 467 4191 these
479 4151 529 4191 two
537 4140 690 4207 paingmphs
698 4156 733 4191 on
743 4140 870 4190 Fordhnm
881 4140 932 4191 md
945 4140 1112 4206 Bedlingbem
1122 4156 1165 4192 ere
1173 4142 1261 4208 pleced

155 4232 181 4276 at
193 4224 235 4275 the
247 4223 297 4272 end
308 4221 338 4271 ol
345 4221 389 4272 the
400 4221 495 4271 section
509 4220 611 4285 dealing
622 4220 683 4270 with
696 4220 931 4285 Huntingdonsbire
941 4220 968 4286 (l.
982 4237 1025 4286 ¹55
1034 4222 1070 4282 b),
1082 4238 1108 4288 p.
1121 4236 1176 4286 ψ.
1207 4223 1263 4274 The

154 4306 253 4372 copyist
271 4304 322 4355 hed
342 4304 470 4369 evidently
488 4305 592 4355 omitted
618 4304 695 4361 them,
715 4303 760 4354 bnt
782 4304 968 4371 subsequently.
986 4321 1020 4354 on
1041 4305 1138 4371 finding
1159 4313 1203 4356 out
1225 4306 1264 4359 bis

156 4387 272 4449 mistake,
292 4387 375 4437 added
393 4386 461 4437 them
479 4394 505 4436 at
522 4387 565 4437 tlte
582 4386 639 4437 end.

204 4470 315 4537 ’gelde‚
328 4470 386 4521 MS.
