3234 5059
346 393 411 465 172
575 371 613 446 V
610 373 755 471 z'carage
781 372 830 469 of
848 373 1010 448 Guilden
1036 375 1200 450 Mordere
1323 374 1443 475 [soon

517 681 583 743 104
628 664 759 728 Littera
780 664 1011 748 lnquuriiontls
1031 664 1080 729 ad
1098 665 1270 750 efferatam.

174 814 288 908 ἓξὲξ
392 817 530 887 Magister
553 819 661 874 Alanus
685 820 721 874 de
752 820 902 875 Rokelund
926 820 1054 874 officialis
1079 821 1211 890 Elyensis
1234 821 1357 876 discreto
1384 821 1445 875 viro

173 915 215 958 ene
226 915 304 958 Aren-
337 906 446 961 officiali
466 906 573 962 domini
592 909 791 965 Archidiaconi
811 909 943 980 Elyensis
962 911 1082 964 salutem
1100 910 1129 963 in
1147 909 1272 964 domino.

174 966 324 1068 ifffflgtfoe
391 996 625 1051 Presentauerunt
638 996 720 1052 nobis
734 998 871 1068 Religiosi
884 998 937 1053 uiri
949 997 1028 1052 Prior
1040 997 1077 1053 de
1090 997 1263 1053 Bemcwelle
1276 1007 1303 1052 et
1315 997 1443 1053 eiusdem

173 1067 317 1169 {22¹¹ssssss
337 1083 391 1137 loci
404 1094 560 1138 conuentus
572 1085 677 1140 Lucam
690 1085 726 1139 de
737 1083 919 1154 Abingetone
929 1085 1115 1156 Capelianum
1128 1085 1166 1139 ad
1177 1084 1311 1140 vicariam
1323 1084 1444 1141 ecclesie

173 1166 284 1259 ξξῖἱῑῦξ
336 1170 372 1225 de
390 1172 649 1227 Gildenemordone
663 1183 814 1229 vacantem
828 1182 857 1228 et
869 1174 906 1228 ad
918 1189 1016 1228 eorum
1029 1172 1251 1228 aduocacionem
1264 1181 1443 1244 spectantem

252 1219 322 1271 '²⁰⁹'
336 1267 366 1310 ut
392 1257 496 1313 dicunt.
560 1259 703 1329 Quocirca
733 1259 900 1315 discrecioni
931 1268 1024 1315 uestre
1054 1258 1225 1314 mandamus
1255 1259 1388 1329 quatinus
1414 1259 1443 1313 in

335 1345 463 1415 proximo
481 1345 535 1400 loci
554 1344 677 1416 capitulo
696 1346 843 1417 inquiratis
862 1364 899 1400 an
917 1346 994 1401 dicta
1011 1345 1117 1401 vicaria
1141 1354 1230 1412 vacet,
1249 1355 1279 1400 et
1301 1346 1340 1400 ad
1363 1345 1443 1400 cuius

335 1433 557 1489 aduocacionem
574 1443 689 1505 spectet,
708 1445 734 1489 et
752 1433 832 1490 cuius
853 1444 897 1490 est
918 1433 1121 1502 estimacionis‚
1137 1444 1166 1488 et
1183 1433 1220 1489 de
1237 1433 1301 1504 alijs
1318 1433 1443 1489 articulis

335 1522 486 1590 consuetis,
510 1532 539 1578 et
563 1521 631 1593 quid
656 1539 740 1592 super
765 1523 819 1577 hoc
843 1521 1008 1577 inueneritis
1032 1521 1116 1576 nobis
1140 1537 1190 1591 per
1213 1521 1309 1576 literas
1333 1530 1442 1576 uestras

334 1608 478 1664 intimetis

390 1697 496 1752 Datum
509 1697 585 1767 apud
597 1696 782 1767 Trumpitone
795 1695 823 1750 in
837 1696 960 1751 crastino
972 1695 1036 1751 festi
1050 1697 1176 1750 omnium
1188 1696 1357 1751 Sanctorum
1366 1710 1441 1749 annu

335 1784 730 1840 dominim⁰.cc⁰.lx⁰.nono.

465 2005 533 2073 105.
579 1991 752 2075 laquiricii>
763 1991 862 2072 sacta
883 1991 924 2054 de
953 1989 1084 2056 Vicaria
1107 1991 1146 2055 de
1167 1989 1318 2054 Mordon.

171 2160 224 2203 'rue
234 2161 313 2203 Aren-
390 2147 461 2200 Uiro
477 2145 636 2201 venerande
655 2145 839 2201 discrecionis
855 2145 992 2216 magistro
1007 2145 1102 2199 Aiano
1114 2145 1151 2200 de
1165 2144 1315 2200 Rokelund
1327 2142 1440 2199 officiali

171 2211 290 2313 2533&st
336 2233 452 2302 Elyensi
472 2232 600 2287 officialis
621 2233 729 2287 domini
750 2232 951 2288 Archidiaconi
974 2231 1106 2302 Elyensis
1130 2231 1229 2287 salutis
1254 2242 1349 2288 eterne
1372 2249 1440 2301 gau-

173 2291 261 2354 oeca’
295 2343 301 2354 ·
333 2323 420 2377 diurn.

389 2408 557 2464 Mandatum
570 2419 693 2464 uestrum
708 2426 796 2480 nuper
808 2409 903 2478 recepi
914 2409 968 2464 sub
979 2409 1034 2463 hac
1046 2407 1144 2462 forma
1184 2408 1322 2478 Magister
1330 2408 1440 2462 Alanus

334 2499 370 2552 de
389 2496 540 2552 Rokelund
558 2495 686 2551 officialis
704 2496 838 2565 Elyensis
855 2495 978 2551 discreto
998 2495 1060 2550 viro
1080 2495 1193 2551 officiali
1215 2495 1323 2550 domini
1339 2496 1439 2550 Archi-

333 2588 447 2644 diaconi
462 2586 591 2656 Elyensis
605 2585 724 2640 salutem
734 2596 785 2639 etc.
800 2594 831 2638 ut
845 2601 939 2654 supra.
976 2585 1063 2639 Cuius
1079 2583 1246 2639 auctoritate
1264 2583 1392 2638 mandati
1409 2583 1439 2638 in

332 2676 388 2731 loci
413 2675 537 2745 capitulo
561 2673 726 2742 diligentem
750 2672 803 2727 ieci
829 2671 1044 2744 inquisicionem
1069 2687 1153 2742 super
1177 2681 1252 2727 statu
1276 2671 1379 2727 vicarie
1403 2672 1440 2727 de

334 2762 593 2821 Gildenemordone
612 2763 767 2833 spectantis
786 2763 824 2816 ad
846 2760 950 2817 Prioris
974 2761 1011 2816 de
1036 2761 1206 2815 Bernewelle
1230 2770 1258 2815 et
1281 2771 1440 2815 conuentus

333 2852 561 2909 aduocacionem.
599 2851 661 2921 Que
673 2849 741 2906 dicit
754 2850 831 2922 quod
843 2851 921 2905 dicta
932 2850 1038 2904 vicaria
1050 2859 1132 2902 vacat
1149 2866 1199 2920 per
1214 2849 1439 2919 resignacionem

333 2938 441 2994 domini
465 2937 604 3008 Johannis
628 2953 717 3007 nuper
740 2935 847 2991 Vicarii
871 2935 999 2991 eiusdem
1022 2935 1149 3003 ecclesie,
1173 2945 1202 2990 et
1229 2937 1306 3006 quod
1330 2945 1439 3005 spectat

333 3024 488 3081 aduocacio
513 3024 573 3080 siue
603 3023 779 3095 presentacio
810 3023 886 3080 dicte
915 3024 1019 3079 vicarie
1048 3025 1085 3079 ad
1115 3025 1223 3080 dictum
1255 3025 1380 3080 Priorem
1409 3037 1438 3081 et

333 3125 503 3170 conuentum
516 3114 552 3168 de
566 3113 744 3180 Bemewelle
758 3121 786 3167 et
798 3111 875 3183 quod
888 3111 965 3168 dicta
977 3113 1081 3168 vicaria
1093 3113 1223 3168 consistit
1238 3113 1267 3167 in
1284 3114 1436 3185 altmagijs,

332 3203 457 3273 exceptis
474 3201 652 3273 quibusdam,
666 3199 774 3254 scilicet
787 3200 898 3254 decima
910 3199 966 3254 feni
983 3210 1012 3256 et
1028 3200 1262 3269 molendinorum,
1275 3210 1304 3256 et
1321 3214 1438 3273 excepto

331 3291 422 3360 primo
436 3292 539 3360 legato,
557 3297 584 3343 et
601 3299 694 3359 preter
709 3288 836 3342 decimas
852 3289 889 3344 de
907 3289 986 3342 curia
1003 3288 1071 3342 dicti
1086 3289 1189 3343 Prioris
1208 3289 1237 3343 in
1254 3290 1355 3345 eadem
1371 3291 1435 3345 villa

330 3379 536 3448 prouenientes‚
550 3387 577 3432 et
590 3387 707 3447 excepta
720 3389 795 3433 terra
806 3378 901 3447 legata
917 3377 941 3433 si
958 3393 1015 3448 qua
1030 3377 1119 3432 fuerit
1159 3377 1236 3432 Dicit
1253 3377 1344 3433 eciam
1361 3378 1438 3434 dicta

330 3465 479 3537 inquisicio
496 3465 573 3536 quod
590 3465 666 3520 dicta
682 3463 787 3519 vicaria
804 3474 847 3519 est
859 3464 1049 3536 pensionaria,
1063 3480 1097 3519 eo
1112 3462 1189 3535 quod
1205 3463 1303 3520 vicarii
1320 3465 1369 3535 qui
1385 3484 1438 3537 pro

330 3565 457 3624 tempore
470 3551 581 3608 luerunt
595 3561 802 3607 consueuerunt
816 3553 976 3622 persoluere
988 3551 1072 3606 dictis
1087 3551 1176 3606 Priori
1188 3562 1216 3607 et
1234 3554 1385 3608 conuentui
1398 3594 1405 3607 .
1411 3555 1436 3623 j.

330 3658 455 3696 marcam
472 3637 581 3709 argenti
599 3639 636 3693 ad
656 3639 727 3692 duos
740 3637 807 3694 anni
821 3638 956 3694 terminos
971 3658 978 3704 ς
996 3639 1073 3709 quod
1086 3638 1163 3692 dicta
1175 3640 1280 3694 vicaria
1292 3642 1330 3695 ad
1342 3641 1436 3697 minus
1468 3638 1470 3641 ’

329 3729 405 3783 valet
421 3737 534 3782 centum
547 3725 672 3790 solidos;
691 3737 719 3779 et
731 3724 827 3795 vicarij
842 3726 889 3796 qui
902 3742 953 3795 pro
966 3735 1094 3795 tempore
1106 3724 1217 3781 fuerunt
1229 3738 1436 3783 consueuerunt

330 3817 422 3870 locare
435 3813 578 3884 quoddam
591 3828 723 3867 mansum
736 3828 753 3864 a
766 3813 842 3867 dicto
857 3812 951 3866 Priore
961 3821 989 3867 et
999 3822 1139 3866 conuentu
1150 3828 1202 3882 pro
1209 3824 1330 3882 quatuor
1338 3815 1436 3870 solidis

330 3903 477 3958 annuatim
489 3921 496 3968 3
514 3911 542 3956 et
555 3900 632 3971 quod
644 3915 744 3954 omnes
756 3898 852 3968 vicarij
866 3898 914 3970 qui
927 3915 978 3969 pro
990 3908 1116 3969 tempore
1134 3899 1245 3955 fuerunt
1258 3903 1435 3957 sustinebant

330 3992 425 4046 omnia
449 4005 535 4045 onera
559 3987 701 4043 ordinaria
713 4007 720 4052 ;
751 3997 778 4040 et
802 3987 879 4058 quod
903 3986 1024 4040 vicarius
1048 3988 1209 4059 quicunque
1240 3989 1322 4044 fuerit
1350 3991 1435 4046 debet

330 4081 466 4136 sustinere
483 4076 638 4133 cantariam
655 4076 683 4130 in
699 4075 816 4146 Capella
828 4075 864 4129 de
878 4075 988 4130 Redree
1000 4085 1043 4129 ter
1055 4073 1083 4128 in
1097 4074 1264 4130 ebdomada
1303 4078 1435 4134 Preterea

329 4170 397 4224 dicit
415 4167 491 4238 quod
509 4183 631 4237 persona
649 4175 811 4236 presentata
828 4165 865 4219 ad
884 4164 1005 4218 eandem
1023 4174 1066 4218 est
1084 4164 1158 4219 bone
1176 4165 1252 4220 fame
1269 4175 1298 4220 et
1316 4167 1434 4223 honeste

329 4253 556 4310 conuersacionis
570 4261 597 4306 et
610 4250 761 4305 laudabilis
775 4249 935 4305 testimonii.
983 4251 1016 4304 In
1029 4251 1109 4305 cuius
1122 4252 1161 4305 rei
1174 4251 1368 4309 testimonium
1380 4265 1432 4310 etc.

382 4342 489 4395 Datum
503 4341 577 4410 apud
591 4339 802 4407 Cantebrigiam
815 4338 861 4393 die
874 4338 1002 4408 mercurij
1016 4339 1143 4409 proxima
1155 4351 1222 4394 ante
1238 4341 1341 4396 festum
1357 4343 1432 4398 beati

330 4428 471 4497 Nicholai‚
480 4444 556 4483 anno
567 4427 675 4483 domini
688 4435 743 4481 m0.
754 4434 799 4481 cc⁰
807 4467 813 4480 .
822 4427 863 4479 lx.
873 4443 956 4481 nono.
