3234 5059
370 374 444 461 316
649 368 687 439 T
680 376 812 441 enants
837 368 877 439 in
913 366 1178 461 th'tllefford
1356 365 1476 465 [aoox

368 549 421 633 .iij.
453 549 559 628 rodas,
591 551 676 614 inter
711 560 832 613 terram
865 549 1054 613 Alexandri
1088 548 1247 632 prepositi
1282 560 1317 615 et
1351 561 1474 614 terram

369 653 509 735 predicti
537 652 689 736 Philippi.
736 654 832 717 idem
860 653 990 736 Symorr
1017 664 1108 718 tenet
1140 654 1173 717 in
1204 654 1324 719 eodem
1354 676 1476 738 campo

369 754 459 836 apud
476 752 593 816 Toites
609 752 661 834 .iij.
678 752 785 828 rodas,
802 753 888 817 inter
903 762 1025 818 terram
1047 753 1190 838 Philippi
1206 754 1248 819 de
1265 754 1474 837 Scyrebume

367 866 402 920 et
417 866 538 921 terram
557 856 744 938 Margarete
760 856 858 921 Goul.

435 960 547 1025 Adam
567 958 598 1025 le
619 961 757 1026 Chaneu
778 970 871 1025 tenet
892 961 924 1024 in
947 960 1137 1044 Briggeleld
1161 982 1198 1025 .v.
1217 982 1318 1037 acras,
1334 982 1475 1044 quarum

368 1086 434 1129 vna
452 1086 529 1129 acra
549 1076 583 1129 et
603 1065 743 1129 dimidia
765 1067 872 1129 iacent
894 1067 990 1129 iuxta
1013 1077 1134 1130 terram
1157 1067 1295 1149 predicti
1319 1065 1474 1149 Philippi,

367 1181 402 1235 et
431 1169 587 1233 abuttant
613 1180 860 1252 superterram
886 1170 1024 1234 Walteri
1053 1170 1083 1234 le
1112 1171 1329 1253 Frankeleyn.
1376 1169 1472 1234 Idem

368 1284 461 1338 tenet
477 1273 505 1356 .j.
522 1293 632 1337 acram
654 1283 687 1337 et
706 1273 734 1356 .j.
755 1275 869 1338 rodam
893 1275 925 1338 in
947 1275 1065 1339 eodem
1088 1295 1208 1359 campo
1231 1276 1327 1339 iuxta
1350 1284 1472 1338 terram

368 1378 507 1461 predicti
529 1376 675 1461 Philippi
696 1388 730 1441 et
750 1388 872 1442 terram
890 1378 1082 1462 Baldewyni
1099 1379 1142 1442 de
1161 1379 1313 1463 Romely,
1327 1390 1362 1442 et
1377 1378 1472 1441 abut-

368 1491 441 1545 tant
462 1502 561 1565 super
580 1490 701 1545 terram
724 1481 873 1565 magistri
896 1481 1043 1547 Walteri.
1092 1482 1177 1546 Item
1198 1493 1290 1547 tenet
1305 1482 1359 1565 .iij.
1375 1481 1474 1545 rodas

369 1587 402 1649 in
422 1588 541 1650 eodem
563 1606 684 1669 campo
705 1586 801 1649 iuxta
822 1596 944 1651 terram
960 1586 1123 1669 Johannis
1146 1586 1249 1662 Mille,
1265 1596 1299 1649 et
1317 1586 1474 1650 abuttant

368 1710 467 1773 super
492 1689 702 1753 Yeuestrate.
750 1690 836 1754 Item
863 1697 955 1753 tenet
982 1688 1010 1771 .j.
1038 1709 1149 1753 acram
1176 1698 1211 1753 et
1236 1688 1410 1752 dimidiam
1438 1688 1472 1752 in

368 1792 486 1857 eodem
522 1812 652 1875 campo,
682 1791 779 1855 iuxta
814 1802 934 1855 terram
968 1792 1161 1875 Baldewyni
1191 1792 1233 1857 de
1265 1791 1409 1874 Romely
1439 1801 1474 1856 et

368 1896 523 1960 abuttant
538 1917 637 1979 super
655 1906 778 1959 terram
795 1895 873 1959 Ade
890 1897 1089 1960 mercatoris.
1138 1896 1232 1961 Idem
1251 1894 1364 1959 Adam
1381 1906 1473 1959 tenet

369 2104 465 2167 iuxta
479 2114 601 2168 terram
619 2103 758 2168 Walteri
771 2102 1028 2185 Waynesbeued
1042 2112 1076 2167 et
1088 2103 1220 2168 abuttat
1231 2124 1331 2187 super
1342 2103 1471 2167 sladam

368 2207 528 2273 Willelmi
555 2207 586 2272 le
609 2208 763 2291 Spenser.
809 2206 896 2271 Item
924 2217 1016 2271 tenet
1038 2228 1137 2272 vnam
1161 2229 1271 2272 acram
1295 2209 1329 2271 in
1352 2209 1471 2273 eodem

255 2327 489 2397 r.176bcampo
519 2314 615 2377 iuxta
644 2323 764 2377 terram
794 2312 938 2395 Philippi
965 2314 1008 2377 de
1036 2312 1253 2396 Scyrebume‚
1279 2322 1314 2376 et
1339 2313 1472 2379 abuttat

368 2438 467 2501 super
492 2428 613 2483 terram
639 2418 834 2500 Baldewyni
859 2417 1005 2501 Dakeny
1027 2438 1126 2503 super
1150 2416 1329 2501 Waytehil.
1375 2416 1471 2481 Idem

368 2532 460 2587 tenet
476 2521 507 2604 .j.
529 2542 640 2586 acram
661 2531 696 2585 et
715 2521 890 2586 dimidiam
912 2522 945 2583 in
967 2520 1085 2585 eodem
1107 2540 1228 2603 campo
1248 2541 1348 2603 super
1368 2520 1472 2605 Way-

368 2626 449 2691 tehil
470 2626 566 2689 iuxta
588 2635 710 2689 terram
730 2624 812 2689 dicti
836 2623 990 2708 Philippi,
1013 2634 1047 2691 et
1070 2625 1203 2689 abuttat
1226 2635 1470 2709 superterram

368 2730 448 2795 dicti
477 2730 678 2811 Baldewyni.
726 2729 810 2793 Item
840 2730 873 2792 in
901 2731 1019 2794 eodem
1046 2748 1167 2811 campo
1193 2728 1221 2811 .j.
1249 2748 1358 2793 acram
1386 2739 1472 2795 terre

369 2834 465 2897 iuxta
497 2843 618 2898 terram
648 2832 727 2898 Ade
764 2833 959 2897 Mercatoris
989 2842 1023 2896 et
1052 2832 1184 2896 abuttat
1217 2852 1316 2915 super
1349 2842 1470 2898 terram

368 2939 508 3023 predicti
530 2938 731 3021 Baldewyni.
778 2938 873 3002 Idem
896 2936 1008 3001 Adam
1035 2946 1127 3001 tenet
1150 2938 1182 3000 in
1208 2936 1409 3002 Stonhilfeld
1431 2939 1472 3022 .ij.

368 3065 460 3109 acras
481 3053 514 3107 et
534 3043 651 3107 rodam
672 3043 768 3105 iuxta
788 3052 910 3106 terram
932 3041 1071 3123 predicti
1094 3040 1248 3124 Philippi,
1263 3050 1298 3104 et
1316 3041 1471 3107 abuttant

367 3170 467 3234 super
487 3158 608 3213 terram
625 3147 784 3211 Willelmi
806 3147 837 3210 le
854 3145 1006 3229 Spenser.
1056 3146 1140 3211 Item
1156 3156 1249 3210 tenet
1264 3146 1294 3229 .j.
1310 3166 1421 3211 acram
1437 3157 1472 3212 et

367 3254 396 3337 .j.
413 3254 529 3318 rodam
550 3253 584 3315 in
605 3252 724 3316 eodem
744 3272 866 3334 campo
882 3253 968 3315 inter
982 3262 1104 3315 terram
1120 3252 1260 3335 predicti
1277 3251 1422 3336 Philippi
1437 3263 1471 3318 et

367 3370 489 3423 terram
511 3358 673 3441 Johannis
697 3358 740 3421 de
763 3356 902 3440 Spayne
924 3358 1014 3439 apud
1041 3356 1337 3440 Longelurlonges.
1384 3357 1470 3421 Item

368 3474 460 3527 tenet
485 3462 515 3544 .j.
542 3460 716 3526 dimidiam
743 3481 853 3525 acram
882 3461 914 3524 in
942 3462 1059 3524 eodem
1087 3480 1208 3543 campo
1238 3461 1323 3524 inter
1349 3470 1471 3526 terram

368 3567 508 3652 predicti
525 3565 670 3648 Philippi
685 3575 721 3629 et
736 3573 858 3629 terram
878 3565 1014 3628 Ricardi
1035 3564 1230 3629 Marescalli.
1278 3565 1364 3629 Item
1381 3576 1473 3633 tenet

367 3674 396 3755 .j.
408 3670 582 3737 dimidiam
598 3689 709 3734 acram
726 3680 813 3733 terre
828 3670 861 3732 in
878 3671 997 3734 eodem
1014 3689 1134 3753 campo
1150 3670 1246 3733 iuxta
1262 3680 1383 3735 terram
1400 3692 1472 3755 pre-

368 3776 448 3842 dicti
465 3774 620 3856 Philippi,
635 3783 670 3837 et
685 3772 818 3838 abuttat
834 3793 934 3855 super
949 3784 1072 3837 terram
1090 3772 1285 3859 Baldewyni
1302 3774 1457 3860 Dakeny.

434 3984 509 4048 Hec
538 3982 712 4065 inquisicio
742 3980 831 4045 iacta
859 3980 920 4044 luit
946 4001 1036 4044 armo
1063 3980 1154 4063 regni
1183 3982 1287 4064 Regis
1315 3980 1472 4049 Edwardi

233 4120 354 4171 mrum
367 4090 485 4173 ‚xviij.⁰
505 4107 617 4151 coram
638 4087 776 4150 domino
799 4087 947 4169 Hugone
968 4087 1010 4150 de
1032 4084 1264 4167 Babingetone
1285 4095 1366 4150 tunc
1386 4089 1472 4153 vice·

366 4196 490 4261 comite
511 4192 734 4275 cantebrigie,
756 4203 790 4256 et
809 4193 942 4276 signata
964 4192 1027 4254 sub
1049 4190 1168 4274 sigillis
1188 4189 1256 4272 .xij.
1273 4190 1473 4273 juratorum,

367 4312 400 4366 et
437 4296 547 4381 sigillo
583 4295 686 4378 ipsius
717 4296 932 4371 vicecomitis,
962 4294 1136 4359 videlicet:
1173 4293 1337 4377 Johannis
1370 4296 1474 4373 Mille,

364 4404 529 4489 Johannis
550 4402 708 4477 Bemard,
727 4402 892 4484 Johannis
913 4401 944 4465 le
967 4402 1091 4477 Porter,
1107 4400 1267 4465 Willelmi
1286 4399 1318 4464 le
1339 4402 1475 4480 Macun,
