3234 5059
369 354 418 421 66
609 348 670 445 Of
688 348 749 420 tlte
774 347 912 421 Prr'ors
937 350 1018 422 and
1038 349 1139 422 their
1162 356 1237 422 acts
1361 349 1478 447 [Boou

204 528 350 631 {lirina
369 532 470 596 forcia
493 532 608 597 fratres
629 532 804 598 inhoneste
825 542 923 598 extra
943 542 1114 616 uagantes,
1129 542 1164 597 et
1187 534 1219 597 in
1242 534 1332 597 inuio
1353 544 1387 599 et
1410 556 1476 597 non

205 630 305 731 25¹3,ng
367 636 401 699 in
437 638 493 700 uia
522 645 678 711 errantes,
708 637 752 700 ab
789 638 908 700 erroris
939 638 994 701 uia
1025 639 1179 701 reducere
1210 638 1347 713 studuit,
1378 647 1411 701 et
1442 659 1476 701 se

367 741 600 823 precedentem
617 741 709 822 sequi
726 739 897 823 compulit,
913 742 1000 823 quia,
1016 742 1106 823 quod
1124 741 1226 804 uerbo
1241 742 1365 817 docuit,
1376 762 1476 824 opere

367 843 572 926 adimpleuit.
616 843 737 907 Nullus
752 845 841 907 enim
860 844 997 907 fratrum
1015 846 1057 908 ad
1075 846 1257 909 matutinas
1272 846 1475 928 uigilancior,

366 950 409 1013 ad
426 947 646 1030 psalmodiam
664 947 867 1029 diligencior,
880 949 913 1011 in
929 950 1083 1013 oracione
1099 950 1265 1025 deuocior,
1281 950 1313 1013 in
1331 949 1474 1014 claustro

366 1053 448 1117 hora
478 1053 603 1136 silencij
631 1055 746 1118 extitit
776 1053 992 1136 frequencior.
1039 1054 1084 1118 Et
1110 1054 1265 1136 quamuis
1292 1055 1474 1118 innumeris

366 1179 496 1222 morum
521 1168 555 1222 et
579 1159 772 1222 meritorum
801 1157 940 1241 polleret
962 1157 1156 1241 insignibus,
1179 1166 1292 1222 tamen
1318 1160 1474 1241 precipue

364 1260 494 1325 duabus
507 1261 631 1326 scilicet
643 1254 957 1345 corporis'castitate
973 1270 1007 1324 et
1022 1262 1278 1325 elemosinarum
1295 1261 1473 1343 largicione

363 1366 548 1429 dinoscitur
577 1366 734 1429 claruisse
764 1366 950 1429 uirtutibus
1001 1366 1134 1430 Fratres
1164 1376 1276 1431 autem
1308 1368 1341 1430 in
1372 1367 1473 1432 choro

364 1470 580 1533 irreuerenter
605 1490 641 1532 se
667 1469 830 1533 habentes
857 1471 943 1534 adeo
969 1469 1128 1533 seueriter
1153 1480 1187 1533 et
1214 1472 1331 1534 acriter
1357 1471 1471 1535 statim

363 1572 430 1637 illic
446 1573 625 1654 redarguit,
640 1574 672 1635 in
694 1574 840 1636 claustro
861 1572 943 1654 ocijs
965 1582 998 1635 et
1020 1573 1100 1635 iocis
1116 1583 1274 1637 uacantes
1290 1574 1375 1636 adeo
1390 1575 1472 1638 dure

348 1681 398 1740 ‘et
420 1696 536 1759 aspere
558 1677 779 1759 reprehendit,
801 1676 893 1759 quod
916 1676 959 1740 ad
982 1676 1053 1739 eius
1077 1686 1247 1758 aspectum
1272 1687 1306 1741 et
1327 1678 1472 1761 corporis

363 1788 495 1863 gestum
515 1790 761 1844 exterrerentur
781 1801 883 1864 quam
907 1779 1050 1862 plurimi,
1068 1788 1101 1844 et
1124 1782 1272 1845 exterriti
1296 1782 1377 1845 satis
1399 1803 1472 1864 per·

362 1884 581 1949 turbarentur.
630 1884 669 1947 In
696 1884 845 1968 capitulo
875 1904 1009 1968 quoque
1040 1886 1073 1947 in
1100 1886 1195 1967 penis
1223 1886 1411 1968 infligendis
1438 1896 1472 1950 et

362 1989 546 2072 disciplinis
566 1988 766 2053 adhibendis
788 2008 1041 2070 nonnumquam
1063 1998 1158 2053 tanta
1177 1989 1334 2054 utebatur
1348 1992 1471 2073 asperi-

362 2102 433 2157 tate
459 2103 493 2158 et
519 2094 722 2169 austeritate,
747 2094 838 2176 quod
866 2114 886 2157 a
910 2093 1078 2158 nonnullis
1101 2095 1308 2159 consciencie
1331 2096 1470 2160 sanioris

362 2196 485 2277 pluries
520 2197 657 2259 modum
694 2196 879 2259 excessisse
914 2196 1085 2273 diceretur,
1117 2206 1150 2261 et
1187 2198 1250 2261 sibi
1282 2200 1396 2279 pocius
1426 2199 1468 2262 ad

362 2299 567 2364 crudelitatis
605 2300 768 2364 feruorem
812 2309 1019 2382 reputaretur
1059 2320 1160 2383 quam
1199 2303 1241 2365 ad
1284 2303 1469 2366 seueritatis

362 2404 513 2487 rigorem.

200 2518 239 2568 By
248 2518 290 2560 the
430 2509 496 2573 Hic
521 2529 601 2574 uero
626 2510 731 2574 uirum
760 2510 989 2574 uenerandum
1017 2517 1051 2574 et
1075 2528 1135 2593 per
1160 2511 1273 2574 omnia
1299 2531 1469 2575 commen-

199 2569 256 2621 help
265 2568 293 2610 of

200 2620 349 2712 {13:ng
362 2614 511 2678 dandum
537 2614 676 2679 militem
700 2616 872 2698 egregium
901 2614 1109 2678 Euerardum
1133 2616 1175 2679 de
1198 2615 1309 2679 Beche
1332 2618 1374 2681 ad
1398 2614 1469 2679 offi-

198 2719 342 2812 {amb
362 2718 510 2780 cinarum
532 2728 566 2782 et
588 2718 725 2783 ecclesie
748 2718 1038 2783 construxtionem
1062 2719 1124 2783 sibi
1147 2721 1324 2797 associans,
1345 2721 1470 2800 eteius

198 2818 341 2913 ggglgjgggf
362 2817 501 2881 consilio
523 2829 557 2883 et
580 2819 708 2883 auxilio
731 2829 837 2897 utens,
859 2819 1033 2883 ecclesiam
1060 2819 1141 2882 mire
1168 2820 1408 2901 magnitudinis
1435 2830 1469 2885 et

361 2924 537 3004 ponderosi
561 2925 670 3007 operis
693 2945 713 2988 a
736 2926 896 2989 iamdicto
924 2925 1061 3007 Pagano
1085 2924 1219 3006 egregio
1243 2925 1314 2988 uiro
1337 2926 1469 3007 egregie

360 3026 553 3093 inchoatam
583 3029 733 3093 funditus
762 3031 891 3107 euertit,
921 3028 1089 3111 aliamque
1118 3028 1346 3093 decenciorem
1378 3049 1468 3093 com-

286 3152 347 3215 tr3
360 3130 474 3214 pleuit,
496 3132 698 3216 completam
726 3134 873 3199 dedicari
895 3132 998 3211 fecit¹,
1021 3131 1210 3198 dedicatam
1234 3133 1349 3197 multis
1372 3154 1468 3199 orna·

361 3236 483 3300 mentis
505 3238 684 3301 decorauit.

197 3350 303 3392 Obttln·
427 3340 480 3404 Eo
500 3361 634 3424 quoque
654 3342 800 3407 instante
821 3353 854 3407 et
876 3344 1038 3407 instanter
1057 3341 1220 3425 pulsante,
1236 3342 1285 3405 vir
1300 3343 1468 3409 inestima-

195 3406 269 3452 mnt
277 3400 305 3442 of

195 3451 317 3543 {ma
360 3442 435 3507 bilis
462 3454 496 3508 et
523 3444 791 3528 incomparabilis
823 3446 981 3509 bonitatis
1011 3455 1044 3509 et
1075 3444 1251 3528 probitatis
1280 3445 1469 3513 Willelmus

197 3551 337 3654 323¹&
362 3546 517 3629 Elyensis
536 3549 739 3631 Episcopus¹
757 3547 913 3612 ecclesias
933 3549 976 3613 de
998 3547 1116 3623 Beche,
1134 3549 1176 3612 de
1199 3548 1389 3628 Caldecote,
1403 3550 1466 3643 [et]

360 3652 475 3718 Sancti
513 3653 624 3736 Egidij
660 3654 704 3718 de
740 3652 963 3735 Cantebrigia,
996 3654 1062 3717 iam
1098 3652 1226 3736 pridem
1260 3654 1468 3737 negligenter

359 3759 530 3835 alienatas,
556 3760 627 3822 siue
654 3759 775 3823 iniuste
804 3757 944 3836 ablatas,
969 3759 1083 3822 usibus
1115 3758 1252 3823 fratrum
1283 3760 1470 3839 concessit;

358 3882 534 3927 concessas
564 3863 688 3946 scripto
710 3862 938 3927 communiuit.

426 3967 521 4032 Idem
548 3970 653 4031 eciam
680 3966 772 4029 Prior
797 3965 993 4030 uenerabilis
1025 3968 1160 4030 missam
1192 3966 1225 4028 in
1256 3966 1382 4031 honore
1412 3968 1466 4033 dei

358 4073 527 4155 genitricis
548 4074 651 4135 marie
671 4069 811 4152 singulis
831 4070 948 4133 diebus
970 4089 1172 4151 perannum
1194 4071 1227 4132 in
1250 4091 1310 4134 sua
1328 4070 1468 4135 ecclesia

411 4252 501 4303 ¹This
526 4252 668 4302 dedication
694 4251 756 4301 took
783 4250 855 4315 place
881 4266 909 4299 τι
935 4252 997 4315 Apr.
1024 4264 1092 4314 ¹¹90·
1139 4248 1188 4300 See
1215 4248 1304 4310 beloW,
1330 4250 1403 4299 Book
1428 4263 1467 4300 1v.

357 4336 543 4469 Cthffim
556 4420 728 4484 longchamp,
743 4418 782 4482 Bp
793 4416 823 4466 of
832 4416 880 4481 Ely
894 4415 1053 4482 1189-1196
1066 4415 1102 4479 (d.
1115 4416 1214 4480 31Jan.
1227 4413 1308 4480 1196).
