3234 5059
168 367 225 468 vl]
491 368 685 443 Hundrcd
705 368 753 464 of
772 366 954 465 Chilsord
1205 385 1275 457 253

236 553 739 638 Haselingfeld[Haslingfield].
785 553 979 636 Stephanus
988 552 1031 615 de
1042 551 1173 617 Sumeri
1186 558 1279 613 tenet

171 660 306 723 feodum
327 660 457 725 dimidii
482 660 597 725 militis
617 660 660 724 de
680 658 819 723 domino
836 660 931 741 Rege
946 660 979 722 in
995 658 1115 741 capite,
1129 664 1164 719 et
1179 655 1279 719 debet

171 764 198 827 .i.
215 774 342 827 sectam
363 773 397 828 et
418 764 460 828 de
481 764 610 828 auxilio
625 762 830 827 vicecomitis
849 784 911 827 vs.
958 762 1088 825 Ibidem
1111 760 1278 823 Robertus

171 870 214 933 de
246 868 401 933 Scalariis
431 868 533 932 debet
563 868 591 931 .i.
621 875 747 932 sectam
778 876 813 930 et
843 868 886 932 de
915 865 1044 931 auxilio
1072 864 1278 929 vicecomitis

172 973 272 1054 .xij.d.
319 974 476 1036 Priorissa
492 972 535 1035 de
551 970 719 1036 stratford
740 980 834 1035 tenet
855 969 990 1035 feodum
1013 968 1143 1055 dimidii
1164 967 1279 1031 militis

172 1077 215 1141 de
240 1075 373 1142 Comite
397 1078 440 1142 de
467 1077 662 1142 Mandeuill.
710 1076 841 1142 Ibidem
873 1076 987 1159 Roger
1016 1074 1059 1138 de
1089 1071 1277 1137 Meldeiord

173 1190 265 1247 tenet
289 1183 318 1264 .j.
344 1182 459 1247 hidam
486 1192 520 1247 et
545 1181 719 1246 dimidiam
747 1181 791 1245 de
820 1180 958 1245 Abbate
989 1178 1191 1243 Eboracensi
1222 1197 1281 1259 per

173 1286 353 1370 socagium,
379 1296 414 1351 et
440 1286 540 1351 debet
571 1296 706 1351 sectam.
759 1285 890 1350 Ibidem
921 1292 1000 1349 sunt
1030 1283 1107 1347 .xiii.
1138 1281 1218 1346 hide
1246 1290 1280 1343 et

174 1390 314 1455 dimidia
336 1390 527 1473 geldabiles.

397 1654 601 1721 Hundredus
622 1654 663 1720 de
685 1656 840 1737 chilford
861 1657 1048 1742 [Chilsord].

241 1808 396 1894 Caumpes
412 1810 704 1895 [Caede-Campe}
749 1811 871 1877 Comes
888 1811 1031 1877 Oxonie.

241 1916 451 1997 Sudecampes
495 1914 794 2000 [Shudy-Camps].
862 1915 1051 1981 Willelmus
1098 1916 1201 1979 Burre
1245 1926 1280 1979 et

175 2022 353 2105 participes
377 2022 427 2084 sui
443 2029 559 2085 tenent
582 2020 716 2085 feodum
734 2021 762 2103 .j.
785 2023 900 2085 militis
923 2022 965 2085 de
989 2022 1125 2085 baronia
1147 2021 1280 2084 Ricardi

175 2125 218 2189 de
242 2124 434 2189 Munfichet.
483 2125 612 2190 Ibidem
630 2125 819 2189 Willelmus
842 2125 884 2189 de
909 2125 1108 2208 KnapweIIe
1130 2124 1230 2188 debet
1253 2125 1280 2189 .i.

175 2240 300 2293 sectam
328 2249 389 2312 pro
415 2228 588 2294 totavilla
613 2250 830 2313 perannum.
878 2229 1008 2294 Ibidem
1035 2240 1113 2293 sunt
1139 2230 1180 2312 .ij.
1203 2229 1282 2293 hide

176 2332 366 2416 geldabiles

240 2437 431 2519 Nostrefeld
450 2438 667 2521 [Nosterfield
690 2440 722 2501 in
741 2437 1028 2522 Shudy-Camps].
1071 2438 1221 2502 Feodum
1238 2438 1281 2501 de

177 2544 317 2607 Bemers
343 2550 378 2606 et
405 2541 540 2607 feodum
566 2544 686 2607 Prioris
708 2542 751 2607 de
777 2541 917 2607 Hatseld
940 2542 1064 2607 debent
1087 2541 1130 2607 de
1153 2544 1280 2607 auxilio

176 2648 382 2711 vicecomitis
405 2647 564 2731 .xxviij.d.

243 2750 369 2815 Enluzle
384 2750 475 2834 [Yen
494 2751 573 2816 Hall
590 2753 624 2815 in
643 2752 737 2816 West
753 2753 954 2837 Wickham].
1000 2752 1223 2836 Baldewynus
1239 2754 1281 2817 de

178 2856 311 2938 Roseye
341 2865 433 2919 tenet
462 2855 492 2938 .j.
523 2855 636 2919 hidam
667 2864 753 2920 terre
782 2856 984 2939 geldabilem
1016 2877 1074 2940 per
1103 2860 1279 2922 servicium

177 2959 264 3023 feodi
288 2958 317 3040 .j.
342 2958 457 3022 militis
480 2958 524 3022 de
546 2959 672 3022 honore
694 2958 737 3021 de
756 2960 991 3044 Wyrmegeye.
1038 2960 1168 3025 Ibidem
1192 2963 1280 3025 idem

178 3064 399 3145 Baldewyuus
414 3062 515 3127 debet
531 3064 559 3127 .i.
575 3072 701 3127 sectam
720 3073 754 3128 et
769 3063 814 3128 de
829 3066 957 3129 auxilio
972 3066 1176 3131 vicecomitis
1192 3067 1281 3147 hijs.

177 3190 236 3253 per
251 3188 386 3232 annum.
432 3167 528 3232 Clar'.

252 3272 396 3336 Wickam
438 3271 549 3355 [West
590 3270 792 3356 Wickham].
861 3273 1048 3338 WiIleImus
1090 3275 1208 3339 Rossel
1249 3286 1282 3340 et

178 3376 370 3460 Stephanus
406 3375 448 3439 de
485 3374 587 3457 Haya
621 3384 738 3439 tenent
772 3376 813 3457 .ij.
848 3376 946 3441 hidas
980 3388 1067 3442 terre
1103 3380 1147 3443 de
1184 3379 1283 3444 seodo

177 3480 319 3546 Comitis
342 3478 479 3543 Oxonie
499 3478 542 3542 de
562 3478 687 3542 honore
704 3478 928 3544 Richmondie
948 3502 1007 3565 per
1024 3484 1200 3547 servicium
1217 3484 1282 3566 iiij.

178 3585 331 3649 militum.
377 3582 422 3647 Et
446 3582 537 3665 hyda
561 3602 663 3665 quam
689 3582 882 3667 Stephanus
908 3594 1001 3649 tenet
1024 3596 1075 3650 est
1097 3587 1283 3669 geldabilis,

177 3699 211 3753 et
241 3688 341 3753 debet
370 3688 398 3752 .i.
430 3696 565 3763 sectam,
594 3695 630 3751 et
658 3686 701 3750 de
731 3687 860 3752 auxilio
889 3689 1094 3754 vicecomitis
1122 3691 1190 3774 .ij.s.
1225 3712 1284 3775 per

178 3812 313 3857 annum.
359 3792 396 3856 B.

247 3895 372 3960 Stratle
386 3893 549 3978 [Streetly
561 3895 594 3958 in
607 3894 703 3959 West
719 3894 921 3979 Wickham}
966 3897 1116 3963 Thomas
1127 3898 1170 3962 de
1186 3897 1283 3964 Sam·

179 4000 252 4064 sord
268 4007 361 4064 tenet
382 4000 566 4063 manerIum
588 3998 631 4063 de
647 4000 805 4083 episcopo
826 3999 964 4083 Elyensi
984 4022 1044 4085 per
1063 4004 1237 4067 servicium
1254 4004 1283 4069 .i.

180 4104 302 4168 militis.

245 4207 387 4288 Horsaeye
427 4206 678 4290 [HorseheathJ.
745 4207 912 4272 Walterus
953 4209 996 4274 de
1033 4211 1153 4294 Capeli
1191 4222 1284 4277 tenet

181 4312 317 4376 feodum
354 4311 484 4375 dimidii
523 4312 637 4375 militis
673 4314 715 4376 de
746 4312 881 4378 Comite
910 4312 1047 4377 Oxonie
1081 4314 1124 4379 de
1159 4316 1284 4382 honore

182 4418 411 4484 Richmondie.
462 4417 556 4482 Idem
579 4416 708 4483 Walter
728 4416 830 4482 debet
844 4419 873 4484 .i.
894 4426 1020 4483 sectam
1040 4428 1075 4484 et
1094 4422 1138 4484 de
1157 4423 1285 4488 auxilio
