3234 5059
146 360 175 461 1]
448 390 473 438 c
499 363 635 438 churclz
663 373 705 437 at
734 364 955 461 Cambridge
1208 388 1255 458 39

143 546 357 631 deposcebat,
379 558 414 613 et
440 550 473 613 in
501 551 602 615 beato
630 548 753 632 Egidio
780 549 888 613 tocius
915 570 974 613 sue
1000 550 1072 634 spei
1097 570 1253 615 ancoram

142 651 302 736 defigens,
323 655 388 718 deo
410 664 444 718 et
467 655 568 719 beato
592 654 715 738 Egidio
738 664 855 717 uotum
879 654 973 717 uouit
996 663 1030 718 et
1054 655 1255 739 spospondit

141 758 241 840 quod,
263 759 407 822 sanitate
429 758 492 823 sibi
516 759 678 835 restituta,
702 758 877 823 ecclesiam
905 758 948 822 ad
976 756 1064 821 illius
1091 758 1253 823 honorem

141 869 357 937 construeret,
383 870 417 924 et
447 882 607 944 personas
637 862 810 944 religiosas
840 862 905 925 deo
935 871 970 925 et
999 860 1100 925 beato
1128 861 1253 944 Egidio

142 965 174 1027 in
198 975 397 1047 perpetuum
421 964 641 1029 famulaturas
666 965 732 1028 illic
757 974 963 1048 aggregaret
1010 964 1253 1031 Consenciente

140 1077 254 1131 autem
285 1070 357 1131 uiro
387 1069 458 1131 eius
488 1069 565 1132 huic
596 1078 677 1132 uoto
707 1077 741 1132 et
771 1068 853 1131 illud
887 1067 1039 1132 similiter
1068 1069 1252 1152 adimplere

140 1172 338 1254 spondente,
369 1173 415 1236 ita
451 1174 485 1235 in
521 1171 612 1236 breui
649 1171 753 1235 fertur
788 1172 1007 1250 conualuisse,
1041 1174 1131 1255 quod
1168 1173 1252 1238 infra

140 1276 286 1340 triduum
323 1278 416 1340 omni
453 1276 569 1341 dolore
604 1277 723 1360 sopito,
754 1278 840 1341 adeo
876 1279 1029 1360 gaudens
1060 1287 1093 1341 et
1126 1277 1251 1343 hillaris

139 1380 285 1443 surrexit
307 1379 350 1442 de
373 1378 496 1443 lectulo
519 1380 609 1443 acsi
632 1378 734 1443 nichil
757 1378 956 1462 pertulisset

137 1619 167 1682 4
205 1601 258 1666 De
275 1612 365 1684 opere
384 1600 505 1666 ecclesie
525 1609 556 1664 ct
577 1600 782 1664 institucione
802 1601 1026 1665 canonicorum
1049 1602 1249 1686 regularium

505 1706 565 1771 sub
590 1706 744 1788 Galsrido
758 1707 879 1789 peiore.

205 1880 268 1946 Uir
294 1880 407 1963 itaque
435 1890 640 1946 memoratus
667 1891 701 1945 et
723 1901 811 1945 uxor
837 1882 908 1946 eius
935 1881 977 1945 de
1002 1890 1072 1946 tarn
1099 1880 1249 1965 preclaro
1263 1890 1390 1983 ggwfim

138 1986 298 2051 miraculo
318 1986 535 2049 uehementer
555 1986 696 2062 accensi,
711 1986 827 2048 statim
849 1984 892 2049 ad
908 1996 1025 2049 uotum
1044 2006 1141 2050 suurn
1157 2008 1248 2051 corn-
1261 1992 1399 2084 affl*

137 2091 299 2174 plendum
310 2090 516 2169 anhelantes,
527 2110 604 2155 curn
618 2090 785 2155 amicabili
797 2093 981 2155 certamine
993 2090 1220 2174 [decertarunt
1238 2098 1247 2131 ¹
1261 2092 1378 2185 233}

137 2196 322 2259 cuiusmodi
339 2195 532 2278 religionem
548 2194 751 2257 ordinarent.
796 2194 950 2258 Tandem
967 2195 1067 2258 beato
1083 2194 1247 2260 Anselmo
1259 2192 1410 2294 {⁸:333ss

134 2301 193 2383 qui
206 2308 286 2363 tunc
298 2308 428 2384 preerat
439 2298 671 2364 Cantuariensi
682 2295 822 2361 ecclesie
833 2297 1107 2380 archiepiscopo¹,
1117 2319 1245 2364 necnon
1259 2292 1410 2385 {gffigffr

134 2404 326 2469 uenerande
348 2402 537 2487 memor[ie]
560 2402 699 2466 domino
723 2400 880 2484 Remigio
905 2402 1131 2466 Lincolniensi
1152 2392 1376 2485 cuiusl{{‡¹,‘,‘¹„,t

134 2516 207 2572 erat
237 2508 408 2571 dioceseos
438 2504 615 2588 episcopo⁸
644 2502 754 2577 aditis,
783 2514 818 2566 et
851 2523 951 2586 super
983 2502 1046 2567 hoc
1077 2505 1246 2580 consultis,
1259 2493 1370 2595 {2232

134 2611 310 2676 ecclesiam
342 2612 375 2675 in
410 2609 537 2674 honore
572 2608 661 2672 beati
697 2606 809 2689 Egidij
841 2615 876 2670 et
910 2604 1060 2671 officinas
1092 2609 1175 2672 satis
1205 2628 1246 2672 eo
1259 2594 1409 2647 ¹⁰⁹²‘⁶¹²·¹⁸l·

134 2724 288 2797 tempore
320 2722 551 2797 competentes
589 2711 803 2793 Cantebrigie
844 2710 941 2775 iuxta
976 2711 1131 2777 Castrum
1167 2734 1245 2777 con-

134 2827 340 2893 struxerunt,
370 2827 406 2882 et
441 2837 503 2880 sex
536 2815 707 2880 canonicis
737 2814 944 2897 regularibus
980 2814 1045 2878 illic
1082 2816 1115 2878 in
1152 2816 1244 2881 breui

134 2923 301 3000 adunatis,
321 2921 365 2985 ad
387 2940 503 2984 eorum
527 2938 641 2983 curam
664 2918 847 3000 gerendam
872 2916 1059 2982 Gallridum
1083 2918 1125 2981 de
1149 2919 1245 2983 Hun-
1259 2911 1411 3014 ffi‘ffiff

134 3026 259 3089 tedone
288 3024 497 3099 canonicum,
528 3042 650 3104 magne
680 3022 850 3103 religionis
881 3021 999 3097 uirum,
1029 3020 1245 3104 prefecerunt.
1259 3012 1409 3115 mm,

133 3128 192 3191 Ad
216 3127 334 3191 horum
359 3127 472 3210 itaque
495 3126 778 3190 sustentacionem
799 3124 885 3189 duas
905 3134 1017 3207 partes
1040 3126 1244 3192 decimarum
1258 3112 1407 3215 ἕξξῗζῗω·

134 3232 178 3296 de
198 3233 356 3315 dominiis
379 3232 456 3309 suis,
477 3241 579 3315 atque
599 3230 750 3294 omniurn
771 3230 915 3294 militum
936 3250 1071 3293 suorum
1094 3230 1243 3296 eiusdem

133 3337 312 3420 prouincie,
336 3346 517 3419 antequam
542 3334 622 3418 ipsis
646 3333 808 3398 militibus
831 3332 953 3397 fundos
976 3333 1174 3413 conferrent,
1196 3337 1243 3400 vti
1256 3335 1393 3430 2533le

134 3462 208 3505 mos
228 3451 300 3506 erat
321 3439 529 3524 francigenis,
544 3439 672 3503 domini
690 3438 836 3521 Remigij
857 3439 1005 3522 episcopi
1023 3439 1112 3522 prius
1128 3438 1244 3504 habita
1256 3437 1383 3530 {puppes

132 3548 355 3623 concessione,
367 3546 631 3629 assignauerunt.
668 3544 894 3609 Ecclesiarum
911 3564 991 3607 uero
1007 3544 1048 3608 de
1065 3546 1133 3608 iure
1148 3544 1242 3609 fundi
1256 3537 1363 3581 ⁰⁸⁰⁰¹²¹·

132 3650 218 3714 infra
253 3649 335 3714 fines
365 3649 453 3712 illius
488 3647 660 3732 prouincie
694 3647 738 3711 ad
772 3667 808 3710 se
838 3648 1067 3731 spectancium
1098 3650 1242 3713 aduoca-

131 3758 262 3820 cionem
298 3756 346 3819 eis
378 3754 601 3829 contulerunt,
631 3753 848 3816 decernentes
885 3762 931 3829 ut,
960 3772 1036 3816 curn
1075 3764 1241 3832 uacarent,

132 3860 248 3923 usibus
277 3879 392 3923 eorum
422 3857 597 3935 cederent;
633 3866 667 3920 et
697 3866 824 3920 cartam
854 3876 949 3921 suam
981 3854 1059 3919 inde
1089 3856 1166 3921 fecit
1196 3858 1239 3921 ad

130 3963 331 4047 peticionem
359 3972 394 4027 et
424 3962 622 4026 instanciam
654 3960 770 4024 uxoris
796 3980 855 4023 sue
885 3958 1055 4042 Hugoline
1085 3960 1147 4024 sub
1178 3959 1240 4025 hac

131 4068 258 4133 forma:

369 4234 378 4267 ¹
396 4235 552 4296 decemrent,
570 4233 628 4285 MS.

368 4316 380 4348 ²
396 4317 457 4382 Abp
468 4316 498 4366 oi
506 4316 665 4380 Canterbury
678 4328 823 4379 1093-1109
837 4312 872 4378 (d.
886 4330 913 4364 rr
928 4312 1013 4379 Apu).

369 4399 381 4431 ⁸
397 4400 445 4465 Bp.
458 4399 488 4449 os
497 4398 603 4449 Lincoln
618 4398 809 4462 10⁸6-10924o.
822 4395 838 4447 6
850 4395 931 4462 May).
