3234 5059
155 362 199 462 11]
356 371 360 378 '
383 364 621 440 maintained
641 365 682 439 in
708 364 770 439 the
803 364 1020 462 University
1209 381 1255 454 95

155 581 200 645 39.
247 562 400 642 Qualiter
421 564 525 629 Prior
542 565 582 630 de
599 565 794 630 Bernewcllc
806 565 884 647 suit
902 565 1005 629 dolose
1024 563 1260 629 circumuentus

285 679 350 750 per
373 668 611 735 Cancellarium
644 671 877 737 Vniuersitatis
901 666 1113 752 Cantebrigie.

215 796 304 880 Qvia
320 797 451 879 magnis
462 807 497 861 et
507 797 715 881 sapientibus
727 798 807 861 uiris
819 798 928 865 uisum
941 808 992 861 est
1003 797 1095 880 quod
1109 796 1259 861 Ecclesia
1275 794 1423 886 ”wgffig‘

153 900 193 965 de
208 900 410 965 Bemewelle
421 903 601 965 enormiter
612 900 681 965 lesa
694 911 745 965 est
755 903 797 965 ad
811 901 1012 966 soluendum
1026 902 1258 985 inperpetuum
1272 856 1413 989 ffiffi,

153 1006 323 1069 annuatim
334 1026 376 1069 nr.
387 1025 525 1081 marcas,
535 1025 611 1068 cum
625 1005 766 1088 pecunia
781 1025 882 1087 quam
899 1005 1050 1068 canonici
1068 1014 1260 1089 receperant
1273 996 1421 1090 &fimum

153 1108 235 1173 inira
255 1131 325 1174 .xx.
346 1129 509 1173 annorum
534 1109 683 1192 spacium
710 1108 859 1172 totaliter
885 1108 946 1172 luit
973 1107 1053 1192 ipsis
1079 1107 1259 1191 capellanis
1273 1096 1392 1190 ῗξζῇξηι

152 1212 269 1290 soluta,
298 1212 387 1277 vnde
422 1222 562 1296 accepto
596 1213 719 1276 saniori
754 1212 893 1277 consilio
931 1212 973 1275 ad
1012 1212 1259 1295 impetrandum
1275 1196 1392 1289 mappa

156 1336 213 1399 per
235 1318 361 1380 curiam
383 1336 558 1381 romanam
582 1315 615 1379 in
639 1317 702 1379 hac
725 1325 821 1399 parte
844 1316 1028 1380 remedium
1052 1318 1260 1401 propositum
1274 1296 1396 1390 „iffi”

153 1419 213 1484 luit
234 1419 324 1502 quod
347 1420 440 1483 Prior
461 1440 521 1484 nec
542 1420 662 1503 aliquis
683 1420 794 1503 potuit
815 1420 867 1484 uel
887 1419 1002 1484 debuit
1024 1419 1262 1504 dampnificare

153 1524 336 1588 ecclesiam.
382 1525 429 1588 Et
454 1523 519 1588 hoc
546 1524 720 1588 consilium
748 1526 900 1607 peruenit
927 1526 968 1589 ad
993 1544 1088 1589 aures
1112 1525 1261 1609 magistri

155 1626 334 1710 Stephani¹
360 1636 441 1691 tunc
472 1627 669 1693 Cancellarii
696 1629 922 1693 vniuersitatis
949 1629 1169 1713 cantebrigie
1217 1630 1263 1694 Et

156 1733 226 1814 ipse
244 1732 379 1815 quidem
402 1742 499 1796 caute
520 1752 623 1816 agens
645 1733 770 1796 leuauit
791 1733 891 1797 breue
912 1734 954 1797 de
973 1734 1145 1817 arreragiis
1164 1755 1263 1817 super

158 1836 303 1899 Priorem
317 1838 458 1900 duorum
472 1858 644 1914 annorum,
656 1848 689 1901 et
699 1848 812 1901 tamen
824 1835 924 1901 nichil
935 1836 1058 1903 debuit.
1097 1837 1263 1922 Verump-

159 1950 271 2005 tamen
307 1942 399 2005 Prior
435 1941 514 2005 inde
551 1943 744 2024 perterritus
781 1942 814 2005 in
850 1941 965 2005 itincre
1000 1942 1263 2025 Justiciariorum

157 2044 247 2127 apud
278 2044 528 2127 Cantebrigiam
559 2047 674 2109 statim
705 2046 873 2109 consensit
903 2046 945 2109 ad
978 2046 1157 2110 leuandum
1186 2048 1264 2110 inde

157 2148 403 2231 cyrographum
425 2149 458 2211 in
481 2148 581 2213 Curia
603 2148 714 2231 Regis.
761 2150 807 2212 Et
827 2170 870 2212 ex
890 2169 957 2231 quo
973 2151 1075 2213 semel
1092 2151 1264 2227 concessit,

157 2252 311 2334 quamuis
352 2253 527 2316 consilium
570 2274 666 2317 suum
706 2254 926 2324 reclamasset,
958 2254 1182 2339 vW[illelmus]
1220 2256 1264 2319 de

159 2354 284 2419 Saham
301 2364 381 2419 tunc
396 2356 603 2438 Justiciarius
618 2377 695 2419 eum
711 2356 874 2439 compulit
888 2354 931 2420 itd
945 2358 1124 2420 leuandum
1137 2360 1262 2421 dictum

158 2462 413 2544 cyrographum,
428 2462 522 2525 cuius
538 2473 634 2525 tenor
648 2462 724 2525 talis
740 2471 809 2525 est:

535 2648 586 2711 40.
633 2630 884 2715 cyrographum.

212 2761 276 2814 Hec
302 2769 346 2813 est
374 2758 466 2813 finalis
492 2760 644 2816 concordia
667 2762 743 2816 lacta
767 2762 795 2816 in
823 2764 907 2817 Curia
933 2762 1049 2817 Domini
1077 2762 1164 2833 Regis
1189 2762 1265 2833 apud
1278 2775 1399 2818 rneflnrt

158 2846 370 2916 Cantebngiam
385 2864 403 2900 a
420 2846 466 2901 die
483 2847 573 2902 sancti
590 2848 729 2917 Johannis
747 2849 874 2920 Baptiste
891 2850 919 2904 in
936 2867 1023 2905 vnum
1040 2868 1175 2919 mensem,
1188 2868 1264 2906 anno
1278 2830 1422 2919 :ffi‘vffi'l‘

157 2935 238 3005 regui
250 2935 336 3004 Regis
346 2935 498 2989 Eadwardi
509 2934 557 2988 lilii
570 2935 656 3004 Regis
668 2936 785 2991 Henrici
795 2937 1017 3008 quartodecimo,
1026 2955 1121 2993 coram
1134 2939 1264 3008 Johanne
1277 2928 1418 3018 {main

156 3020 193 3074 de
217 3020 355 3087 vallibus,
380 3020 524 3075 Wlllehno
552 3022 588 3075 de
618 3022 733 3090 Saham,
760 3023 874 3091 Rogero
904 3024 1044 3093 Loueday‚
1068 3025 1199 3095 Johanne
1228 3025 1265 3080 de
1279 2989 1370 3120 unffi-1
1421 3005 1427 3026 ³

157 3107 345 3178 Metingham,
363 3118 391 3162 et
414 3108 555 3163 Nicholao
577 3109 603 3163 le
625 3110 707 3177 eras,
726 3108 895 3178 Justiciariis
922 3109 1130 3181 itinerantibus,
1150 3124 1178 3168 et
1203 3113 1265 3167 aliis
1278 3089 1427 3180 (vlup-uun

157 3194 275 3249 Domini
289 3195 377 3264 Regis
389 3194 520 3250 fidelibus
533 3205 600 3251 tunc
611 3196 650 3251 ibi
662 3198 848 3266 presentibus,
859 3198 932 3252 inter
943 3200 1112 3269 Magistrum
1123 3202 1264 3255 Thomam

155 3280 192 3335 de
214 3280 355 3351 Skeming
377 3281 585 3337 Cancellarium
605 3283 797 3339 vniuersitatis
820 3285 1000 3354 Cantebrigie
1025 3299 1196 3358 querentem,
1215 3304 1266 3359 per

155 3368 326 3438 Magistrum
350 3369 446 3425 Adam
469 3371 505 3425 de
530 3371 643 3425 Flixton
667 3370 791 3441 positum
815 3372 879 3425 loco
901 3390 953 3426 suo
975 3375 1011 3428 ad
1033 3375 1200 3431 lucrandum
1221 3378 1265 3431 uel

152 3456 340 3527 perdendum,
353 3468 381 3511 et
400 3459 555 3527 Symonem
575 3458 701 3513 Priorem
719 3458 756 3512 de
776 3459 956 3527 Bernewelle,
972 3460 1008 3515 de
1025 3463 1079 3516 hoc
1096 3464 1173 3534 quod
1189 3464 1266 3519 idem

154 3544 237 3597 Prior
252 3543 441 3599 summonitus
457 3544 510 3599 suit
526 3544 563 3599 ad
576 3544 784 3599 ostendendum
796 3562 883 3616 quare
896 3564 961 3601 cum
974 3548 1049 3603 idem
1064 3549 1143 3605 Prior
1155 3551 1266 3609 duobus

153 3628 350 3685 sacerdotibus
368 3630 398 3684 in
417 3630 559 3699 theologia
580 3628 609 3683 in
632 3628 813 3685 vniuersitate
836 3633 1016 3703 Cantebrigie
1039 3635 1218 3692 studentibus
1238 3649 1267 3693 et

153 3734 207 3789 pro
225 3717 320 3773 anima
335 3720 467 3789 Magistri
480 3718 613 3774 Willelmi
626 3719 663 3774 de
677 3719 811 3775 Kilkenni
825 3720 969 3791 quondam
984 3723 1115 3791 Elyensis
1131 3724 1267 3797 Episcopi

152 3805 254 3861 diuina
277 3806 492 3876 celebrantibus,
518 3809 618 3864 decem
643 3824 754 3863 marcas
778 3810 816 3865 ad
845 3812 1084 3867 sustentationem
1112 3814 1267 3870 eorundem

153 3892 337 3947 sacerdotum
345 3892 462 3961 singulis
470 3892 552 3947 annis
562 3894 722 3963 persoluere
732 3895 842 3963 debeat,
850 3907 878 3951 et
889 3898 949 3967 ipse
959 3908 986 3951 et
996 3897 1112 3967 Jolanus
1122 3901 1267 3969 quondam

156 3977 240 4032 Prior
263 3977 299 4033 de
322 3978 494 4035 Bernewelle
515 3980 698 4049 predecessor
719 3996 787 4037 suus
809 3983 969 4053 persoluere
990 3996 1196 4041 consueuerunt
1217 4004 1267 4058 per

153 4077 266 4119 cartam
287 4064 375 4135 ipsius
395 4066 489 4135 Jolani
511 4077 539 4120 et
561 4068 604 4121 sui
625 4069 789 4124 conuentus
808 4087 894 4141 quam
912 4071 1055 4142 predictus
1074 4075 1266 4131 Cancellarius

154 4153 225 4206 inde
240 4152 410 4224 habet—qui
426 4154 541 4225 quidem
556 4156 719 4209 sacerdotes
734 4173 784 4227 per
798 4158 955 4228 predictum
970 4162 1094 4216 Priorem
1107 4172 1135 4217 et
1149 4163 1266 4219 Cancel·
1281 4164 1296 4215 l.
1318 4164 1378 4227 34b

154 4239 260 4294 larium
273 4238 464 4295 vuiuersitatis
474 4238 599 4311 predicte
608 4241 657 4311 qui
666 4258 718 4312 pro
728 4253 855 4313 tempore
864 4246 967 4300 luerint
976 4248 1081 4301 debent
1090 4250 1266 4318 prouideri-

157 4326 304 4397 predictus
322 4326 402 4381 Prior
417 4328 529 4382 duobus
545 4329 740 4385 sacerdotibus
756 4332 898 4401 predictas
915 4334 1014 4389 decem
1030 4352 1140 4391 marcas
1157 4354 1266 4395 annuas

541 4431 551 4463 ¹
568 4432 681 4497 Stephen
691 4434 724 4483 de
736 4436 887 4500 Hepworth.
