3234 5059
465 376 593 471 Roger
616 376 659 448 cle
695 375 957 475 Wytlrersfhld
1190 404 1261 472 229

455 716 503 793 38.
548 714 654 777 Breue
674 716 714 779 de
734 715 956 799 lnquuzdone.

212 857 369 913 Edwardus
388 858 433 913 dei
450 861 547 927 gracia
558 870 612 916 etc.
625 861 784 916 vicecomiti
797 862 979 932 cantebrigie
995 872 1024 916 et
1046 863 1262 934 Huntingdonie
1273 881 1341 922 wne
1353 879 1391 921 ‹tr-

156 946 282 1001 salutem.
322 947 495 1018 Precipimus
514 949 565 1002 tibi
585 950 660 1019 quod
683 966 733 1020 per
752 960 961 1005 sacramentum
983 952 1037 1022 nrij.
1059 953 1211 1021 proborum
1232 964 1261 1008 et
1274 928 1425 1024 {fi‘ffssftfh‘

155 1034 287 1103 legalium
305 1034 452 1090 hominum
471 1036 507 1091 de
526 1037 660 1093 comitatu
680 1048 737 1108 tuo,
750 1056 800 1110 per
813 1056 883 1109 quos
902 1039 941 1095 rei
955 1041 1058 1095 ueritas
1077 1041 1178 1096 meiius
1196 1042 1261 1096 sciri
1274 993 1381 1133 ζξΞΨ

154 1122 264 1192 poterit,
285 1122 433 1194 diligenter
455 1126 579 1197 inquiras
599 1143 670 1198 quas
695 1136 783 1181 terras
807 1138 835 1181 et
860 1145 915 1198 que
937 1139 1099 1184 tenementa
1122 1129 1261 1184 Ricardus

157 1208 302 1264 Laurencii
322 1210 439 1266 clericus
458 1228 547 1281 nuper
564 1214 710 1268 conuictus
729 1214 765 1268 de
782 1224 873 1269 morte
893 1214 1012 1269 Galfridi
1030 1215 1067 1271 de
1083 1216 1221 1285 Griseley,
1234 1226 1262 1271 et

156 1296 283 1365 Rogerus
296 1297 332 1352 de
345 1298 547 1367 Wythen'sield
560 1316 722 1371 suspensus,
735 1311 884 1357 tenuerunt
897 1302 932 1357 de
941 1303 1033 1372 priore
1043 1304 1079 1358 dc
1091 1305 1262 1360 Bernewelle

155 1384 183 1437 in
197 1386 289 1455 capite
303 1386 330 1440 in
345 1389 517 1457 Cestertone,
530 1399 558 1443 et
571 1397 708 1459 quantum
726 1391 847 1458 ualeant,
861 1402 889 1445 et
905 1392 996 1447 eciam
1015 1403 1153 1463 quantum
1169 1411 1262 1449 annus

155 1472 216 1529 dies
238 1483 265 1529 et
284 1484 381 1530 uastus
399 1477 553 1531 eorundem
573 1478 694 1545 ualeant,
712 1488 741 1532 et
761 1478 978 1549 inquisicionem
996 1480 1062 1535 inde
1082 1481 1215 1537 distincte
1233 1492 1262 1537 et

154 1570 251 1631 aperte
263 1564 368 1618 iactam
381 1565 488 1620 habeas
501 1566 539 1619 ad
551 1566 725 1621 scaccarium
739 1576 868 1620 nostrum
881 1568 956 1637 apud
967 1570 1261 1635 westmonasterium,

155 1650 183 1705 in
196 1651 319 1707 crastino
339 1652 504 1709 Natiuitatis
521 1654 611 1709 sancti
625 1655 763 1725 Jobannis
782 1657 909 1726 Baptiste
928 1656 982 1710 sub
999 1657 1091 1727 sigillo
1108 1668 1156 1713 tuo
1169 1669 1197 1713 et
1209 1660 1262 1713 sub

155 1739 253 1809 sigillis
265 1758 363 1795 eorum
377 1758 426 1812 per
438 1760 509 1812 quos
526 1744 602 1798 sacta
618 1744 708 1811 fucrit,
721 1754 751 1799 et
764 1744 818 1799 hoc
835 1745 929 1800 breue.
966 1746 1053 1802 Teste
1069 1757 1121 1802 etc
1140 1747 1202 1818 .xvj.
1217 1747 1263 1803 die

154 1828 239 1899 Junij,
252 1846 327 1883 anno
340 1831 420 1899 regni
433 1830 521 1885 nostri
534 1830 756 1886 octauodecimo.

481 2074 531 2137 39.
575 2056 681 2119 Breue
700 2055 740 2119 de
752 2056 825 2140 fine
836 2056 939 2138 sacto.

209 2195 366 2250 Edwardus
385 2196 430 2251 dei
449 2196 545 2265 gracia
564 2205 616 2251 etc.
636 2195 794 2250 vicecomiti
815 2196 997 2265 Cantebrigie
1014 2197 1141 2251 salutem.
1180 2197 1261 2251 Scias
1274 2212 1342 2254 wrrr
1356 2212 1393 2252 in·

155 2298 205 2351 per
223 2284 306 2335 finem
325 2282 379 2337 mii.
393 2283 527 2338 librarum
546 2300 630 2353 quem
645 2282 725 2337 Prior
741 2282 777 2336 de
796 2282 967 2337 Bcrnewelle
984 2283 1050 2337 iecit
1065 2283 1212 2338 nobiscum
1233 2295 1261 2337 et
1273 2262 1421 2354 {ffissssflfl

154 2385 225 2438 quas
250 2369 325 2424 idem
352 2370 430 2425 Prior
454 2370 537 2425 nobis
562 2371 645 2425 soluit
667 2370 704 2425 ad
729 2370 902 2425 scaccarium
928 2381 1055 2425 nostrum
1074 2388 1125 2441 per
1145 2372 1259 2426 fratrem
1273 2361 1403 2454 {¹3²¹fo

156 2457 304 2511 Matheum
332 2456 368 2511 de
398 2458 542 2526 Kertlinge
569 2455 793 2512 concanonicum
824 2473 915 2525 suum,
944 2456 1138 2513 concessimus
1166 2457 1258 2514 eidem
1272 2475 1339 2504 com·

156 2543 243 2597 Priori
263 2560 368 2599 annum
386 2543 461 2599 diem
479 2554 507 2600 et
524 2555 635 2600 uastum
648 2554 785 2601 terrarum
801 2556 830 2601 et
843 2555 1068 2601 tenementorum
1081 2564 1135 2617 que
1148 2545 1259 2602 fuerunt
1272 2513 1387 2668 {goffia

157 2632 269 2687 Ricardi
289 2632 435 2689 Laurencii
455 2633 577 2689 conuicti
597 2634 632 2689 de
649 2644 739 2689 morte
757 2634 876 2689 Galtridi
890 2634 926 2689 de
939 2633 1092 2704 Griseleye,
1110 2645 1138 2690 et
1157 2633 1259 2705 Rogeri
1275 2629 1365 2721 ¹2an

155 2720 191 2774 de
203 2721 405 2791 Wytherisfeld
423 2740 475 2794 pro
493 2732 583 2777 morte
601 2722 728 2777 ciusdem
748 2722 886 2793 suspensi,
899 2722 927 2778 in
946 2722 1013 2776 villa
1031 2723 1066 2778 de
1086 2724 1258 2779 Cestertone.
1275 2692 1348 2835 riffhd.

156 2809 210 2879 Qui
224 2828 323 2878 annus,
336 2810 407 2879 dies,
419 2822 446 2865 et
460 2822 566 2878 uastus,
579 2810 686 2866 extensi
700 2820 765 2864 sunt
778 2810 816 2864 ad
829 2810 893 2881 xiij.
907 2811 994 2865 libras
1008 2809 1090 2882 aviij.
1105 2811 1219 2878 solidos,
1233 2822 1260 2866 et
1273 2782 1366 2883 3293*

155 2916 225 2969 quas
239 2910 327 2956 terras
340 2911 367 2955 et
380 2910 543 2956 tenementa
555 2900 641 2955 iidem
656 2900 795 2955 Ricardus
808 2911 836 2955 et
848 2901 977 2969 Rogerus
994 2900 1030 2954 de
1046 2899 1147 2955 eodem
1167 2899 1262 2954 Priore

155 2997 304 3043 tenuerunt
326 2989 355 3043 in
377 2988 470 3059 capite
490 2988 519 3043 in
540 2989 640 3043 eadem
659 2986 734 3053 villa,
753 2987 839 3043 saluis
858 2988 940 3043 nobis
959 3004 1042 3055 anno,
1062 2988 1116 3055 dic,
1135 2998 1163 3042 et
1181 2998 1262 3043 vasto

155 3075 281 3131 omnium
306 3077 424 3131 aliarum
450 3087 586 3131 terrarum
612 3088 640 3131 et
665 3086 892 3131 tenementorum
917 3093 972 3147 que
996 3075 1049 3148 ipsi
1078 3075 1215 3130 Ricardus
1235 3086 1263 3131 et

158 3165 284 3233 Rogerus
309 3173 367 3218 tam
394 3164 421 3218 in
450 3164 516 3218 villa
545 3162 727 3233 cantebrigie
756 3180 842 3234 quam
874 3162 941 3218 alibi
976 3164 1012 3218 de
1040 3161 1263 3233 quibuscumque

155 3250 277 3306 dominis
297 3262 453 3307 tenuerunt
493 3254 530 3307 Et
548 3250 612 3308 ideo
631 3251 681 3307 tibi
704 3252 876 3322 precipimus
898 3252 975 3323 quod
996 3252 1117 3307 eundem
1138 3252 1262 3306 Priorem

156 3356 269 3406 annum,
295 3340 379 3405 diem,
404 3350 432 3395 et
456 3349 568 3394 vastum
593 3351 730 3395 terrarum
761 3350 789 3394 et
819 3348 1043 3394 tenementorem
1073 3338 1263 3409 predictorum

157 3426 271 3481 Ricardi
283 3437 312 3481 et
326 3426 430 3495 Rogeri
442 3426 472 3479 in
485 3426 613 3497 predicta
629 3426 697 3481 villa
712 3427 749 3482 de
764 3428 939 3493 Cestertone
952 3442 1007 3497 que
1020 3424 1074 3496 ipsi
1087 3426 1123 3480 de
1136 3425 1263 3495 predicto

157 3514 251 3570 Priore
270 3514 376 3571 ibidem
394 3524 545 3571 tenuerunt
564 3516 593 3569 in
611 3514 713 3587 capite,
726 3526 758 3571 ut
776 3515 936 3586 predictum
954 3524 1005 3582 est,
1018 3515 1127 3584 absque
1145 3514 1262 3584 impedi·

155 3616 251 3659 mento
264 3604 369 3659 habere
387 3614 415 3658 et
434 3612 530 3659 tenere
548 3602 696 3675 permittas
716 3603 744 3657 in
763 3604 855 3658 forma
873 3602 1007 3673 predicta.
1045 3602 1084 3655 Et
1103 3600 1210 3673 siquid
1227 3603 1263 3656 de

155 3694 288 3765 predictis
309 3692 391 3749 terris
414 3702 441 3747 et
460 3693 630 3749 tenementis
649 3693 776 3764 ipsorum
798 3691 914 3747 Ricardi
936 3700 964 3745 et
985 3689 1088 3759 Rogeri
1109 3690 1137 3745 in
1161 3690 1262 3745 eadem

155 3783 221 3837 villa
239 3782 388 3837 occasione
407 3781 596 3851 predictorum
614 3782 691 3848 anni,
710 3781 775 3849 diei,
793 3791 822 3836 et
842 3780 915 3835 vasti
929 3790 1088 3835 nostrorum
1107 3777 1215 3849 ceperis
1233 3778 1262 3833 in

155 3886 271 3924 manum
284 3882 418 3936 nostram,
427 3868 518 3923 eidem
533 3870 629 3924 Priore
638 3868 700 3923 sine
709 3869 850 3924 dilacione
862 3866 999 3922 restituas.
1033 3867 1120 3922 Teste
1126 3865 1263 3935 magistro

156 3960 200 4013 W.
222 3958 257 4013 de
277 3957 396 4013 Marth'l
414 3958 591 4014 thesaurario
611 3968 709 4013 nostro
726 3958 802 4029 apud
820 3958 938 4013 London
958 3956 1004 4028 iij.
1025 3954 1072 4012 die
1091 3954 1167 4025 Julij.
1186 3972 1262 4010 anno

155 4046 234 4118 regni
246 4047 335 4103 nostri
347 4047 445 4115 ,xviijr

205 4184 213 4216 ¹
232 4186 343 4236 Williem
355 4186 388 4237 de
400 4187 424 4236 la
435 4186 548 4244 Marche,
557 4183 694 4252 appointed
707 4193 829 4235 treasurer
841 4183 857 4235 6
868 4181 949 4248 April,
965 4198 1035 4248 1290,
1045 4183 1071 4231 in
1082 4182 1223 4232 succession
1235 4188 1262 4232 to

152 4270 222 4333 John
234 4268 343 4334 kintu,
358 4270 392 4335 bp
404 4268 433 4319 of
442 4269 499 4334 Ely,
513 4268 570 4318 who
581 4268 641 4319 died
655 4267 685 4318 26
698 4267 786 4317 March
799 4266 825 4315 in
841 4266 895 4315 that
910 4280 976 4330 year.
1012 4266 1054 4314 He
1069 4265 1172 4316 became
1187 4264 1222 4329 bp
1236 4266 1265 4314 oi

156 4351 221 4401 Bath
233 4352 283 4402 and
297 4351 377 4403 Welis
390 4367 424 4417 30
433 4353 490 4416 Jan.
507 4366 574 4417 1²93·
