3234 5059
169 368 231 469 111]
451 370 585 443 Mabel
607 368 746 443 Howes
772 368 806 440 e's
831 367 992 466 rejected
1206 390 1272 461 103

167 555 240 610 sicut
252 556 396 626 predictus
410 554 490 608 Prior
502 554 578 609 dicit.
616 554 654 608 Et
666 552 882 624 inquisicionem
900 570 985 623 quam
1004 552 1070 607 inde
1087 553 1187 609 seceris
1205 555 1276 609 scire

166 644 255 698 iacias
280 642 440 697 iusticiariis
468 643 572 696 nostris
602 640 798 696 itinerantibus
823 642 901 711 apud
925 641 1050 696 Wiltone
1076 641 1104 695 in
1133 642 1276 698 Comitatu

167 731 292 785 Wiltone
310 748 328 785 a
349 729 395 784 die
418 730 507 783 Pasce
526 730 556 782 in
575 746 661 783 vnum
682 747 809 784 mensem
836 730 889 785 sub
914 729 1007 799 sigillo
1033 741 1082 785 tuo
1108 741 1135 785 et
1161 730 1275 801 sigillis¹

166 835 264 873 eorum
276 836 327 889 per
339 834 459 889 quorum
471 829 680 872 sacramentum
693 816 908 888 inquisicionem
923 816 1001 870 illam
1013 817 1121 888 leceris,
1134 818 1201 890 quia
1217 828 1276 873 tam

167 905 243 960 idem
264 906 347 976 prior,
370 922 455 976 quam
478 904 604 975 predicta
627 904 754 972 Mabilia,
777 904 850 959 inter
871 920 943 975 quos
966 903 1032 959 inde
1054 915 1097 960 est
1119 907 1276 977 contencio,

167 1004 320 1067 posuerunt
333 1011 364 1049 se
380 994 447 1048 inde
463 995 492 1048 in
510 992 724 1062 inquisicionem
742 993 839 1057 illam;
857 1003 885 1047 et
903 992 1009 1048 habeas
1027 992 1065 1047 ibi
1084 993 1137 1049 hoc
1151 995 1235 1050 breue
1249 1005 1277 1050 et

167 1083 284 1137 nomina
299 1100 396 1137 eorum
411 1099 462 1153 per
478 1098 597 1154 quorum
615 1092 824 1137 sacramentum
841 1079 1056 1151 inquisicionem
1074 1082 1152 1137 illam
1167 1083 1274 1137 leceris.

168 1169 301 1225 Testibus
315 1171 352 1225 H.
366 1180 393 1224 et
406 1170 470 1224 aliis
482 1169 643 1241 iusticiarijs
655 1168 767 1224 nostris.

169 1309 215 1373 Et
243 1310 335 1373 Prior
361 1309 439 1373 fecit
465 1320 654 1375 attornatos
676 1310 865 1392 johannem
892 1309 1007 1373 Laane
1029 1319 1063 1373 et
1087 1308 1274 1375 Galfridum

169 1415 246 1481 Seic
261 1415 385 1479 ibidem
401 1435 514 1477 coram
530 1415 727 1498 Justiciarijs
743 1414 901 1497 predictis
917 1414 991 1477 loco
1007 1435 1068 1478 suo
1084 1413 1128 1478 ad
1148 1413 1276 1479 lucran-

168 1518 250 1582 dum
265 1528 299 1583 et
315 1520 532 1601 perdendum.

224 1670 377 1743 lnqutsicio
390 1671 465 1726 iacta
474 1672 547 1725 inter
557 1672 682 1725 Priorem
695 1670 731 1726 de
745 1671 915 1725 Bernewelle
928 1679 956 1724 et
971 1670 1119 1725 Mabiliam
1132 1672 1276 1741 quondam
1290 1678 1344 1771 {ibe
1354 1678 1410 1729 'utu

168 1777 283 1815 uxorem
303 1760 421 1815 Gattridi
440 1760 476 1814 de
491 1760 596 1813 Howes
613 1760 649 1814 de
661 1775 718 1812 vno
730 1759 878 1828 mesuagio
891 1776 942 1812 .xx.
956 1758 1029 1812 acris
1042 1770 1113 1813 terre
1126 1770 1154 1815 et
1167 1760 1277 1815 duabus
1290 1729 1416 1822 malitiis

168 1850 242 1904 acris
258 1850 331 1921 prati
349 1860 376 1904 et
393 1849 512 1904 dimidia
528 1866 593 1903 cum
610 1847 792 1919 pertinenciis
811 1849 839 1900 in
859 1847 1050 1917 Maddingele,
1063 1865 1113 1918 per
1130 1849 1277 1903 dominum
1291 1827 1410 1921 {522¹

169 1936 343 1990 willelmum
360 1938 396 1991 de
410 1937 533 2005 Chemy,
547 1936 695 1990 dominum
714 1936 869 2004 Hugonem
885 1934 921 1988 de
938 1936 1118 2002 Crowedene,
1130 1935 1277 1991 dominum

171 2024 343 2079 Nicholaum
359 2025 386 2079 le
402 2024 539 2090 Vauasar,
553 2024 700 2078 dominum
716 2022 877 2092 Jobannem
895 2022 930 2077 de
950 2023 1044 2077 Beche
1061 2023 1175 2091 milites,
1188 2035 1215 2078 et
1228 2040 1278 2095 per
1291 2034 1307 2084 s.
1324 2034 1379 2098 37b

170 2114 344 2168 Willelmum
365 2114 401 2167 de
425 2114 453 2167 la
479 2113 580 2179 Marh',
599 2122 626 2166 et
649 2111 824 2165 Willelmum
849 2111 875 2165 le
901 2112 981 2179 Poer,
1005 2112 1159 2167 Ricardum
1182 2114 1277 2183 Jurde,

171 2199 345 2254 Richardum
367 2200 535 2267 Belebuche,
554 2199 696 2253 Thomam
717 2197 854 2265 Bemard,
877 2196 1036 2252 Gilberturn
1057 2200 1083 2253 le
1109 2199 1186 2267 Knit,
1208 2200 1277 2253 Wil-
1342 2256 1345 2262 ,

168 2287 284 2341 lelmum
308 2287 344 2341 de
371 2288 546 2353 Blakewelle,
571 2287 731 2356 Johannem
757 2286 793 2339 de
816 2286 966 2353 Grancete,
991 2286 1039 2356 qui
1068 2286 1165 2341 dicunt
1194 2302 1278 2357 super

169 2385 378 2430 sacramentum
400 2393 480 2431 suum
501 2376 578 2446 quod
600 2376 763 2444 Margareta
783 2384 874 2427 mater
896 2374 1015 2428 Galsridi
1035 2374 1070 2429 de
1094 2376 1198 2429 Howes
1220 2392 1277 2431 uon

168 2463 258 2517 tenuit
276 2463 434 2532 predictum
452 2461 629 2531 mesuagium
647 2478 712 2515 cum
730 2461 829 2530 viginti
848 2460 922 2515 acris
940 2470 1013 2517 terre
1029 2471 1057 2516 et
1075 2463 1186 2517 duabus
1205 2464 1277 2517 acris

169 2552 241 2620 prati
258 2562 287 2606 et
303 2551 422 2605 dimidia
438 2550 467 2604 in
484 2549 568 2604 feodo
586 2560 614 2604 et
632 2548 789 2604 hereditate
806 2565 859 2603 nec
877 2548 943 2603 inde
956 2548 1026 2618 obijt
1040 2550 1144 2619 seysita
1158 2551 1229 2605 sicut
1242 2550 1278 2604 de

169 2639 261 2707 feodo,
275 2656 367 2709 neque
384 2639 512 2709 predicta
530 2648 605 2692 terra
622 2647 686 2707 post
704 2647 824 2691 mortem
845 2638 933 2707 ipsius
953 2638 1113 2705 Margarete
1131 2638 1277 2693 descendit

169 2728 297 2798 predicto
308 2727 436 2783 Galfrido
444 2726 502 2780 filio
512 2743 563 2780 suo
569 2726 631 2797 jure
641 2725 820 2792 hereditario,
831 2726 881 2780 sed
892 2726 968 2780 idem
979 2726 1123 2781 Galsridus
1133 2728 1277 2798 quondam

169 2816 213 2869 uir
225 2816 313 2887 ipsius
327 2815 444 2870 Mabilie
456 2832 512 2886 que
527 2831 604 2869 nunc
618 2815 688 2884 petit
703 2831 759 2868 non
776 2814 866 2869 tenuit
881 2814 1039 2885 predictam
1056 2826 1159 2869 terram
1172 2815 1227 2870 nisi
1240 2816 1277 2871 ad

169 2905 322 2959 terminum
338 2903 395 2957 uite
412 2919 470 2969 sue,
483 2912 510 2958 et
528 2903 582 2957 boc
598 2919 648 2973 per
666 2902 842 2956 uoluntatem
860 2902 928 2956 dicti
947 2901 1051 2956 Prioris
1067 2913 1096 2958 et
1113 2904 1277 2959 Conuentus

169 2991 206 3046 de
220 2991 388 3046 Bernewelle
401 2990 473 3045 sicut
489 3000 609 3045 testatur
625 2988 654 3043 in
671 2990 796 3059 quadarn
812 3000 889 3043 carta
903 2990 1088 3058 cyrograffata
1100 2989 1173 3045 inter
1185 2990 1277 3046 dictos

171 3078 296 3133 Priorem
314 3090 343 3133 et
363 3079 542 3133 conuentum
563 3077 599 3130 de
622 3076 792 3131 Bemewelle
810 3087 839 3130 et
858 3076 1015 3146 predictum
1035 3077 1193 3133 Gallridum
1211 3095 1277 3133 con-

170 3164 252 3218 lecta

278 3403 307 3465 6.
356 3399 530 3476 Judieium
546 3410 610 3482 pro
632 3398 754 3462 Priore
775 3399 816 3463 de
838 3397 1032 3463 Bernewelle
1053 3412 1166 3465 contra

527 3504 708 3568 Mabiliam
733 3504 772 3567 de
795 3504 924 3567 Howes.

237 3687 357 3751 Postea
378 3687 420 3749 ad
437 3688 526 3749 diem
543 3685 636 3750 illurn
654 3685 827 3769 Philippus
843 3689 884 3751 de
903 3688 1067 3753 Stantone
1083 3699 1163 3752 tunc
1179 3688 1277 3752 Vice-
1292 3706 1445 3750 rhesumn

170 3813 283 3856 comes
307 3792 396 3855 misit
423 3791 673 3873 inquisicionem
698 3811 763 3873 que
785 3792 867 3854 dicit
889 3793 978 3874 quod
1007 3794 1175 3875 predictus
1198 3792 1277 3858 Gal·
1292 3758 1422 3861 nillil&

171 3896 275 3960 fridus
295 3916 363 3958 non
385 3896 493 3959 tenuit
513 3896 697 3977 predictam
720 3906 841 3958 terram
863 3896 924 3958 nisi
946 3896 989 3959 ad
1011 3897 1189 3959 terminum
1209 3896 1277 3960 vite
1291 3859 1420 3902 mecauri.

171 4022 238 4078 sue,
254 4012 288 4064 et
303 4021 370 4064 non
388 4002 420 4063 in
437 4000 535 4063 feodo
552 4000 598 4063 ita
614 3998 704 4081 quod
727 3998 868 4063 Mabilia
883 4021 968 4063 vxor
988 4021 1048 4064 sua
1070 4001 1147 4064 inde
1167 3999 1277 4064 dotari

171 4106 288 4188 potuit,
304 4116 339 4168 et
360 4105 436 4167 ideo
457 4102 702 4167 consideratum
725 4114 774 4166 est
796 4104 885 4185 quod
908 4104 1076 4186 predictus
1093 4105 1185 4167 Prior
1201 4104 1278 4168 inde

171 4210 242 4273 sine
257 4210 312 4272 die
327 4220 361 4273 et
377 4208 527 4291 predicta
543 4207 683 4271 Mabilia
698 4209 732 4269 in
749 4208 974 4272 misericordia
989 4218 1050 4273 etc.

617 4423 627 4455 ¹
643 4424 790 4488 sigillorum,
805 4422 863 4471 MS.
