3234 5059
163 349 225 448 111]
480 348 582 422 Mill
603 349 650 446 of
659 349 766 450 John
795 349 829 421 lc
860 349 942 422 Rus
1198 354 1262 422 161

161 538 386 621 tringendum‚
398 546 432 602 et
448 537 490 601 ad
507 536 687 602 leuandum
703 537 870 601 redditum
888 537 1073 620 predictum
1090 538 1133 600 de
1148 536 1267 600 eodem

163 641 357 706 molendino
383 642 544 725 quamdiu
571 639 745 718 sufficeret,
768 650 811 717 et,
835 641 862 703 si
889 661 955 704 non
981 639 1154 718 sufficeret,
1177 641 1267 724 quod

164 744 257 808 Prior
276 753 389 828 posset
410 745 607 828 distringere
629 766 705 807 eum
722 765 780 828 per
795 744 909 808 omnia
924 753 1116 808 tenementa
1131 765 1191 808 sua
1207 755 1268 808 etc.

164 848 210 912 Et
235 850 262 912 si
290 847 404 912 dolum
428 849 551 913 taceret
569 849 627 912 uel
651 847 928 930 impedimentum
953 869 1019 931 quo
1044 847 1136 911 Prior
1159 848 1268 910 minus

164 961 278 1036 posset
309 961 370 1016 etc.
400 973 444 1016 ex
472 963 553 1016 tunc
579 953 736 1018 retineret
765 952 857 1016 Prior
883 951 1010 1016 dictum
1038 952 1266 1016 molendinum

163 1067 324 1140 tanquam
349 1056 482 1120 feodum
507 1067 542 1120 et
564 1057 768 1121 dominicum
792 1076 889 1120 suum
914 1058 1146 1140 inperpetuum
1169 1067 1231 1121 etc.

230 1162 399 1226 Defuncto
419 1163 572 1245 Johanne
593 1164 751 1228 successit
767 1164 795 1226 ei
815 1163 918 1245 Hugo
934 1162 964 1226 le
982 1164 1054 1226 Rus
1070 1184 1174 1245 nepos
1189 1163 1268 1228 eius.
1282 1165 1420 1258 {uam

164 1269 210 1332 Et
226 1269 343 1332 uidens
361 1267 587 1333 molendinum
605 1270 774 1332 ruinosum
791 1277 826 1331 et
842 1289 966 1350 magno
982 1266 1125 1331 redditui
1141 1266 1267 1351 obliga·
1282 1267 1425 1358 {5222ng

162 1382 244 1450 tum,
271 1373 454 1437 eradicauit
483 1383 592 1438 totum
624 1382 657 1436 et
687 1373 873 1455 asportauit
903 1393 979 1436 cum
1011 1371 1108 1434 molis
1135 1381 1169 1434 et
1196 1380 1270 1435 rota
1283 1366 1389 1459 mg,

163 1499 268 1561 usque
303 1480 344 1543 ad
381 1478 567 1562 hospicium
599 1478 725 1542 domini
760 1477 925 1542 Guidonis
961 1476 1096 1540 rectoris
1131 1477 1269 1540 ecclesie
1282 1467 1434 1559 {1¹3de

163 1582 205 1644 de
227 1582 447 1665 Kingestone‚
467 1593 502 1647 et
521 1605 566 1646 ex
588 1603 628 1646 eo
648 1593 799 1666 tempore
821 1581 966 1665 perdidit
988 1583 1080 1645 Prior
1100 1581 1266 1645 redditum
1282 1567 1381 1660 ξξζῗὴ

163 1706 268 1750 suum.
318 1688 418 1752 Vnde
448 1688 481 1751 in
513 1689 629 1752 itinere
656 1688 914 1770 justiciariorum
946 1687 1138 1770 impetrauit
1168 1686 1269 1750 breue

163 1811 250 1854 noue
273 1791 445 1857 disseisine
468 1813 568 1876 super
590 1801 668 1870 etc.;
698 1802 732 1855 et
754 1802 805 1857 est
829 1791 1026 1855 inrotulacio
1049 1791 1134 1855 talis.

553 1931 602 1995 86.
647 1931 867 1994 Inrotulacrifl.

217 2050 316 2104 Assisa
328 2050 406 2106 uenit
418 2050 595 2120 recognitura
607 2051 630 2105 si
647 2051 732 2120 Hugo
744 2051 771 2106 le
785 2053 845 2104 Rus
858 2061 886 2104 et
900 2050 1003 2118 Guydo
1015 2051 1051 2105 de
1066 2052 1180 2105 Mortuo
1194 2051 1269 2104 Mari
1282 2043 1437 2137 {fimas

164 2134 265 2192 iniuste
282 2148 333 2193 etc.
348 2139 561 2194 disseisiuerunt
580 2139 703 2194 Priorem
721 2140 757 2193 de
775 2140 945 2194 Bemewelle
959 2139 993 2191 de
1006 2139 1095 2192 libero
1107 2149 1269 2193 tenemento
1283 2147 1355 2206 noyer
1365 2145 1416 2186 ut·-

164 2243 215 2280 suo
234 2226 263 2279 in
284 2227 464 2297 Cantebrigia
482 2238 547 2298 post
566 2228 686 2299 primam
704 2239 756 2283 etc.
775 2239 802 2283 et
820 2227 894 2283 vnde
912 2228 1036 2298 queritur
1052 2229 1129 2297 quod
1147 2227 1269 2282 disseisi-
1283 2195 1407 2288 iii'i‘iiif

164 2324 265 2368 uerunt
277 2331 342 2368 eum
356 2315 391 2369 de
403 2315 510 2369 .xxviii.
525 2315 622 2370 solidis
636 2326 662 2370 et
672 2316 725 2370 .xi.
736 2315 859 2386 denarijs
872 2316 997 2370 redditus
1011 2333 1075 2370 curn
1088 2315 1270 2386 pertinencijs
1283 2296 1421 2388 {¹2⁸⁶}ssss

164 2403 211 2472 qui
237 2404 384 2473 prouenire
409 2405 538 2459 solebant
562 2405 598 2458 de
623 2405 746 2475 quodam
771 2403 934 2459 molendino
959 2404 995 2457 ad
1020 2420 1108 2473 equos
1132 2413 1185 2458 etc.
1231 2405 1269 2457 Et
1283 2396 1416 2489 ggffilgffi

164 2490 307 2560 predictus
331 2492 415 2560 Hugo
438 2508 494 2545 non
516 2491 602 2560 uenit,
622 2492 671 2546 sed
692 2490 834 2561 predictus
854 2491 950 2546 Guido
969 2491 1054 2558 uenit,
1076 2501 1103 2545 et
1124 2491 1269 2560 respondit
1282 2508 1377 2548 wreus·

165 2595 215 2648 pro
235 2596 266 2633 se
284 2590 312 2633 et
331 2595 381 2649 pro
400 2580 526 2650 predicto
547 2581 669 2648 Hugone
687 2591 824 2650 tanquam
841 2579 901 2634 eius
918 2580 1039 2634 balliuus
1060 2592 1089 2634 et
1107 2579 1175 2634 dicit
1193 2580 1270 2651 quod

163 2666 217 2737 ipsi
237 2667 343 2722 nullam
361 2667 493 2722 iniuriam
511 2665 571 2740 [aut
590 2665 782 2740 disseisinam]
801 2668 933 2723 fecerunt
987 2665 1081 2722 Dicit²
1097 2668 1174 2722 enim
1193 2666 1269 2737 quod

165 2756 241 2812 idem
259 2756 337 2811 Prior
355 2757 384 2810 in
402 2756 594 2812 districtione³
611 2753 766 2828 [facienda]
782 2756 856 2826 cepit
873 2756 967 2810 hostia
981 2755 1098 2825 predicti
1114 2754 1269 2814 molendini

164 2855 191 2899 et
204 2842 299 2916 [alia]⁴
311 2845 474 2915 asportant,
483 2856 511 2901 et
521 2846 590 2900 illud
600 2843 793 2900 molendinum
803 2855 932 2915 apertum
943 2854 970 2898 et
980 2843 1041 2898 sine
1054 2844 1184 2898 custodia
1195 2854 1270 2900 stare

165 2934 299 3004 permisit,
308 2951 358 3004 per
368 2934 443 3004 quod
453 2935 569 3006 quidam
577 2933 670 2990 clerici
681 2931 872 2988 vniuersitatis
883 2933 1063 3002 Cantebrigie
1076 2932 1269 2988 molendinum

165 3022 324 3092 predictum
348 3031 376 3076 et
397 3021 564 3077 meremium
584 3031 795 3092 prostrauerunt
816 3031 844 3075 et
864 3030 1087 3091 asportauerunt,
1108 3020 1182 3074 vnde
1201 3019 1271 3075 dicit

166 3107 243 3177 quod
271 3124 322 3178 per
350 3107 443 3178 ipsum
469 3106 594 3162 Priorem
618 3107 695 3163 stetit
719 3107 795 3179 quod
820 3107 977 3177 predictum
1002 3107 1195 3161 molendinum
1220 3107 1272 3162 suit

166 3195 312 3250 ruinosum
336 3203 365 3248 et
389 3211 446 3248 non
468 3211 518 3265 per
539 3193 625 3265 ipsos.
663 3195 701 3249 Et
724 3204 853 3265 preterea
876 3194 1043 3264 dicitquod
1067 3194 1145 3249 Prior
1170 3195 1272 3249 iniuste

167 3283 229 3338 tulit
254 3300 381 3352 assysam
406 3283 498 3350 istam,
519 3284 587 3354 quia
610 3283 679 3338 dicit
704 3283 779 3354 quod
803 3282 934 3337 vndecim
959 3299 1023 3337 acre
1048 3293 1120 3337 terre
1143 3283 1272 3337 arrabilis

167 3373 293 3427 iacentes
306 3373 334 3424 in
347 3371 455 3441 campis
470 3371 649 3442 Cantebrigie
662 3382 791 3427 tenentur
804 3383 832 3426 et
845 3371 1005 3440 obligantur
1018 3372 1054 3426 ad
1066 3371 1272 3426 districtionem

167 3460 256 3532 ipsius
281 3459 385 3514 Prioris
409 3478 460 3531 pro
486 3459 613 3531 predicto
637 3459 756 3529 redditu,
779 3461 802 3516 si
828 3477 846 3513 a
870 3471 944 3515 retro
968 3458 1057 3514 fuerit
1096 3460 1135 3515 Et
1159 3460 1194 3514 de
1218 3460 1273 3513 hoc

169 3549 263 3618 ponit⁶
281 3567 312 3604 se
331 3566 415 3618 super
434 3565 562 3616 assysam
580 3559 632 3601 etc.

408 3674 457 3752 87.
497 3671 671 3756 juratores
693 3671 731 3734 de
754 3671 893 3753 Hugone
914 3669 943 3732 le
964 3670 1046 3734 Rus.
1289 3675 1352 3728 tto

221 3802 364 3869 juratores
381 3800 479 3854 dicunt
496 3816 580 3868 super
593 3810 801 3854 sacramentum
815 3815 897 3853 suum
909 3798 985 3868 quod
998 3798 1156 3868 predictum
1168 3799 1274 3853 molen·
1289 3754 1425 3848 lii‘dilitoln

169 3889 266 3942 dinum
289 3899 317 3942 et
339 3886 467 3942 similiter
488 3887 613 3958 predicte
632 3885 763 3941 undecim
785 3903 850 3941 acre
872 3897 945 3941 terre
965 3886 1089 3956 obligata
1109 3886 1220 3941 suerunt
1239 3887 1276 3941 ad
1289 3855 1419 3899 them*

168 3976 373 4030 districtionem
393 3974 510 4044 predicti
531 3975 634 4029 Prioris
653 3986 681 4029 et
700 3975 818 4029 ecclesie
837 3991 887 4028 sue
905 3974 941 4029 de
960 3975 1131 4029 Bemewelle
1148 3993 1199 4045 pro
1215 3992 1276 4045 pre·

168 4063 244 4119 dicto
260 4061 418 4135 [redditu]⁶.
455 4065 493 4117 Et
511 4064 607 4118 dicunt
620 4063 696 4134 quod
715 4063 973 4133 quocienscumque
991 4063 1134 4143 predictus
1150 4064 1277 4119 redditus
1303 4111 1308 4122 .

169 4171 187 4208 a
203 4162 277 4209 retro
294 4151 353 4221 suit,
366 4151 507 4207 distrinxit
525 4152 601 4207 idem
620 4151 699 4207 Prior
715 4152 744 4207 in
762 4151 889 4223 predicto
905 4152 1077 4218 molendino,
1090 4162 1119 4207 et
1132 4168 1277 4223 nunquam

219 4263 332 4316 ¹Assize
349 4265 416 4322 Roll,
433 4265 483 4314 No.
501 4265 542 4325 88,
558 4266 663 4315 membr.
680 4281 718 4325 rr,
736 4265 814 4315 dorso.
856 4264 954 4330 Trinity
969 4265 1053 4324 Term,
1075 4265 1144 4316 1286.
1185 4265 1277 4316 words

168 4347 232 4397 from
244 4347 287 4397 the
301 4347 359 4396 Roll
371 4347 435 4396 have
446 4347 511 4396 been
524 4347 641 4396 included
652 4347 678 4396 in
690 4363 779 4412 square
791 4347 915 4398 brackets.

216 4430 226 4458 ¹
243 4431 338 4490 dicunt,
353 4429 419 4489 Ms„
431 4430 491 4480 here
503 4431 554 4479 and
565 4429 656 4480 below.
757 4427 768 4461 ⁸
785 4431 851 4481 sacta
861 4447 908 4496 pro
920 4431 1033 4496 predicto
1045 4431 1152 4489 redditu,
1166 4433 1224 4484 MS.

216 4511 227 4543 ⁴
244 4513 295 4571 illa,
309 4514 366 4564 MS.
563 4513 575 4543 ⁵
592 4521 697 4582 ponunt,
713 4514 770 4564 MS.
958 4512 970 4546 ⁰
986 4514 1141 4576 molendino,
1155 4515 1212 4566 MS.

250 4613 278 4659 C·
1172 4618 1205 4657 11
