3234 5059
700 394 884 493 sanum

470 580 577 639 Pn'ma
591 579 650 640 dies
664 582 769 642 mensis
782 589 812 641 et
822 582 941 659 settim
954 587 1072 640 truncat
1084 581 1212 640 utensis.

471 679 579 739 Prtina
592 682 652 740 dies
666 700 744 741 nona
758 689 834 741 nocet
845 682 918 741 tora
931 681 1051 757 septima
1064 680 1177 756 quinta.

186 925 197 963 1
261 907 291 985 iij
312 911 340 969 A
373 817 521 971 KL
557 907 685 985 Januar‘.
727 904 910 971 &immitit
930 903 1035 969 Boniti
1053 905 1153 983 tnta
1173 904 1289 971 teme.

183 1049 198 1088 2
314 1032 334 1091 b
383 1032 424 1111 iiij
441 1036 520 1095 Non.
558 1034 625 1094 Oct.
638 1030 734 1093 sancti
748 1031 902 1110 Stephani.
945 1030 976 1109 iij
992 1032 1102 1092 lecum
1117 1030 1146 1091 ix
1158 1043 1236 1109 pset
1249 1050 1319 1091 cnm
1334 1030 1363 1089 ix
1377 1050 1403 1090 a.

180 1148 198 1205 3
261 1130 337 1206 xjc
396 1132 426 1210 iij
443 1134 523 1195 Non.
561 1132 629 1195 Oct.
646 1130 741 1193 sancti
759 1129 913 1209 Johannis.
957 1131 1066 1191 Sancte
1080 1130 1237 1193 Genonefe
1255 1127 1374 1207 virginis
1394 1127 1425 1204 iij

605 1227 936 1307 lccumixaetixps.

179 1341 198 1395 4
314 1322 333 1383 d
403 1322 423 1401 ij
440 1324 521 1385 Non.
558 1324 626 1385 Oct.
639 1334 811 1383 sanctorum
827 1320 1044 1383 Innocencium
1058 1318 1090 1381 iii
1103 1322 1132 1382 lc
1146 1340 1215 1382 cum
1227 1320 1284 1382 ixa
1298 1332 1328 1381 et
1338 1320 1367 1379 ix
1381 1339 1424 1397 ps

178 1436 195 1495 5
241 1418 334 1481 xixe
416 1424 523 1483 Nonas
560 1424 628 1485 Oct.
644 1420 741 1482 sancti
754 1422 859 1483 thome
872 1421 904 1499 iij
918 1423 947 1482 lc
962 1441 1031 1482 cum
1046 1422 1076 1480 ix
1089 1440 1108 1480 a
1122 1430 1152 1481 et
1165 1418 1195 1479 ix
1209 1440 1254 1499 ps.

177 1518 195 1574 6
235 1514 287 1593 viij
325 1518 340 1575 s
373 1516 423 1594 viij
438 1519 484 1579 Id.
562 1515 727 1598 pentane
746 1514 850 1578 nemini
868 1516 968 1594 ente
988 1516 1102 1581 estun.

179 1628 194 1686 7
315 1635 334 1693 g
382 1614 421 1693 vij
438 1616 484 1677 Id.
563 1617 666 1677 Clauis
687 1617 895 1694 Septuagest'me
914 1616 945 1675 si
962 1635 1019 1674 non
1039 1622 1081 1674 est
1099 1616 1232 1675 bisextus.

176 1714 196 1769 8
236 1714 332 1789 xvjA
396 1714 486 1790 vJ'Id.
561 1716 600 1776 Si
616 1722 659 1776 est
676 1718 802 1776 bisextus
822 1716 869 1775 tu'c
886 1722 929 1775 est
946 1717 1045 1776 claues.

177 1830 196 1886 9
263 1812 335 1870 vb
403 1831 423 1870 v
437 1812 483 1871 Id.
558 1814 631 1873 Post
648 1815 835 1891 epiphaniam
855 1821 913 1873 tres
926 1813 1045 1890 preinas
1064 1832 1121 1872 esse
1141 1820 1246 1873 notato.

158 1927 195 1965 10
313 1926 332 1967 c
379 1906 421 1986 iiij
437 1910 483 1969 In
556 1912 674 1987 Semper
692 1913 724 1970 in
744 1918 872 1970 extrema
893 1912 1008 1970 domini
1023 1913 1079 1969 lux
1098 1910 1186 1969 tercia
1199 1912 1312 1987 pascha
1333 1918 1381 1971 est.

156 2025 191 2066 11
236 2004 335 2083 xiijd
391 2005 420 2083 iij
438 2008 484 2069 Id.

157 2124 192 2163 12
268 2102 334 2181 ije
400 2104 420 2182 ij
438 2106 482 2167 Id,

157 2222 193 2279 13
323 2206 337 2263 s
438 2205 512 2264 Idus
556 2206 623 2267 Oct.
637 2202 806 2282 epiphanie.
849 2201 952 2265 Sancti
966 2201 1071 2280 hillarij
1084 2201 1218 2281 episcopi
1229 2202 1260 2283 iij
1272 2204 1372 2265 medie
1386 2205 1422 2265 lc.

156 2320 193 2373 14
269 2321 288 2360 x
315 2321 334 2379 g
375 2300 422 2361 xix
438 2302 505 2363 Καὶ
523 2301 668 2363 Februar’.
707 2300 809 2364 Sancti
820 2299 915 2362 felicis
923 2298 1079 2378 presbiteri
1088 2311 1119 2362 et
1128 2301 1314 2363 confessoris
1346 2301 1376 2380 iij
1386 2304 1422 2363 le

157 2415 192 2475 15
307 2400 335 2458 A
352 2398 421 2476 xviij
439 2401 507 2461 Kal.
560 2400 662 2461 Sancti
682 2399 778 2461 mauri
799 2400 916 2460 abbatis
936 2397 968 2475 iij
989 2401 1026 2460 le

156 2501 193 2556 16
216 2496 288 2573 xviij
315 2499 334 2557 b
360 2497 418 2576 xvij
435 2500 503 2559 Καὶ
558 2498 660 2561 Sancti
681 2498 813 2560 marcelli
834 2498 926 2577 pape¹
949 2509 980 2559 et
1000 2498 1135 2560 martiris.
1178 2497 1208 2576 iij
1231 2501 1267 2560 lc.

155 2613 191 2671 17
246 2593 333 2672 vijc
368 2598 415 2672 xvj
434 2598 501 2656 Kal.
555 2595 656 2658 Sancti
676 2598 791 2674 antonij
815 2598 954 2657 monachi
975 2595 1006 2675 iij
1029 2599 1064 2657 lc„

154 2700 192 2756 18
313 2698 333 2757 d
383 2718 420 2757 xv
436 2698 504 2758 Kal.
558 2700 667 2760 Sancte
696 2699 792 2777 prisce
823 2697 944 2775 virginis
972 2708 1003 2759 et
1031 2696 1156 2759 martiris
1184 2702 1263 2759 coni.
1315 2699 1370 2760 Sol
1394 2702 1424 2757 in

638 2800 771 2875 aquari).

155 2916 193 2971 19
249 2916 287 2954 xv
315 2914 332 2957 e
357 2896 418 2972 xiiij
436 2897 503 2956 Kal.
557 2900 735 2959 Sanctorum
757 2897 849 2958 marie
870 2908 900 2958 et
922 2897 1037 2956 marthe
1059 2894 1219 2955 martirum.
1262 2894 1292 2971 iij
1308 2896 1350 2956 ·lc.

154 3016 193 3053 ιο
241 2992 283 3070 iiij
323 2996 337 3053 i
368 2994 420 3070 xiij
437 2996 505 3054 Kal.
559 2998 736 3057 Sanctorum
757 2996 868 3057 fabiani
889 3008 920 3057 et
940 2993 1101 3055 sebastiani
1123 2994 1283 3054 martirum.
1327 2994 1412 3056 ixIc.

154 3113 188 3151 21
315 3114 334 3171 g
379 3093 417 3171 xij
436 3096 502 3153 Kal.
556 3098 666 3155 Sancte
676 3094 800 3173 Agnetis
815 3094 935 3172 virginis
949 3104 979 3155 et
993 3092 1119 3153 martiris
1133 3112 1294 3154 commune
1304 3093 1421 3153 festum.

153 3212 189 3249 22
245 3190 285 3267 xij
305 3194 333 3250 A
391 3194 418 3268 xj
436 3192 503 3252 Kal.
557 3190 662 3262 esensti
684 3190 799 3255 ttnttnti
821 3190 945 3256 netes
965 3207 1106 3253 cennens
1126 3190 1239 3257 estun.

153 3308 191 3364 23
270 3290 333 3365 jb
401 3310 420 3349 x
436 3292 504 3351 Kal.

153 3409 192 3462 24
315 3408 332 3447 c
390 3388 419 3448 ix
435 3391 503 3450 Kal.

154 3505 189 3565 25
257 3486 330 3546 ixd
366 3486 416 3565 viij
433 3490 500 3549 Kal.
555 3488 714 3553 (tnnbttsin
736 3487 826 3554 teneti
846 3488 925 3566 penti
946 3504 1088 3549 temnens
1109 3489 1223 3554 testum.

155 3586 191 3642 26
313 3603 331 3643 e
376 3583 414 3662 vij
432 3587 500 3647 Kal.

154 3700 190 3757 27
222 3680 281 3757 xvij
320 3682 335 3741 f
385 3684 413 3760 vj
432 3685 499 3744 Kal.
554 3684 655 3745 Sancti
676 3684 788 3761 Juliani
809 3683 944 3762 episcopi
964 3695 995 3745 et
1015 3685 1193 3747 confessoris
1215 3685 1245 3745 ix
1266 3686 1302 3745 lc

155 3784 192 3839 28
254 3781 331 3858 ng
399 3802 418 3841 v
433 3784 501 3842 Kal.
554 3786 663 3844 Sancte
684 3782 808 3861 Agnetis
830 3784 965 3845 secundo
985 3782 1017 3861 iij
1038 3786 1067 3845 lc
1088 3805 1157 3845 cnm
1179 3783 1207 3845 ix
1228 3805 1246 3845 a
1266 3796 1296 3846 et
1318 3784 1346 3844 ix
1366 3805 1410 3862 ps.

155 3900 193 3956 ²9
306 3881 334 3939 A
375 3878 417 3957 iiij
434 3881 503 3941 Kal.

154 3996 194 4053 3ο
224 3974 331 4053 xiiijb
385 3976 415 4053 iij
433 3979 502 4041 Kal.
554 3982 662 4040 Sancte
684 3979 809 4040 Batildis
832 3982 957 4058 Regine.
1000 3980 1030 4040 ix
1051 3983 1087 4043 lc

154 4094 190 4151 31
254 4075 331 4152 iijc
396 4074 416 4153 ij
433 4077 502 4137 Kal,

467 4212 539 4271 Nox
559 4214 645 4272 habet
662 4214 751 4273 toras
770 4196 846 4289 xij
877 4215 951 4272 Dies
971 4214 1033 4289 niej.

460 4310 634 4387 januarius
655 4312 740 4370 habet
758 4311 817 4369 dies
837 4312 924 4386 xxxj.
970 4312 1059 4370 Luna
1080 4331 1156 4370 xxx.

466 4457 475 4489 ¹
495 4460 564 4509 Here
581 4460 632 4509 and
649 4459 783 4511 elsewhere
795 4468 862 4525 pape
878 4460 923 4510 hes
940 4462 1003 4509 been
1020 4463 1115 4512 erased.

1264 4573 1275 4612 1
1281 4572 1338 4611 -2
