3234 5059
159 393 231 493 vn]
514 390 674 465 Tenants
699 392 740 464 in
765 389 969 463 Barnwell
1194 410 1265 482 323

161 581 319 663 Hugonis
351 579 494 662 Mayner
523 577 627 661 patris
657 576 717 653 sui,
748 584 782 639 et
813 575 922 639 reddit
953 595 1012 659 per
1042 594 1167 639 annum
1199 571 1266 654 xij.

161 685 324 762 denarios,
347 683 387 765 .ij.
410 702 564 765 capones.

229 789 323 852 Idem
359 787 529 869 Johannes
567 794 659 850 tenet
693 806 797 849 vnum
836 786 1043 867 mesuagium
1079 785 1169 867 quod
1206 782 1268 847 suit

161 892 322 956 Willelmi
349 892 380 954 le
404 891 544 973 Noreys,
567 899 601 953 et
627 889 737 953 reddit
763 910 823 973 per
849 910 974 953 aunum
998 890 1134 953 obolum
1163 888 1267 972 [quod

162 1018 250 1061 nunc
273 1006 366 1061 tenet
388 1017 475 1061 vxor
497 992 590 1078 eius].

228 1102 396 1167 Gaifridus
428 1100 535 1165 Dallis
561 1110 654 1165 tenet
678 1120 780 1165 vnam
812 1120 922 1165 acram
954 1110 1039 1164 terre
1068 1100 1110 1165 ad
1143 1099 1268 1163 moien-

163 1207 288 1283 dinum,
311 1218 345 1271 et
368 1205 478 1270 reddit
501 1225 707 1288 perannum
731 1205 774 1287 .ij.
796 1204 930 1281 solidos,
952 1204 994 1286 .ij.
1018 1224 1171 1289 capones.

231 1311 325 1375 Idem
347 1311 517 1376 Galfridus
538 1319 630 1374 tenet
650 1308 824 1373 dimidiam
845 1330 957 1373 acram
979 1319 1065 1373 terre
1086 1310 1119 1372 in
1141 1329 1270 1392 campo,

162 1426 196 1481 et
223 1415 333 1481 reddit
356 1438 416 1499 per
441 1434 566 1479 anuum
589 1438 627 1479 .v.
651 1415 806 1478 denarios
835 1412 881 1497 [et
905 1414 932 1496 .j.
956 1435 1139 1497 caponem:
1167 1434 1268 1498 quam

164 1519 275 1585 Alicia
297 1520 419 1603 Cokyn
443 1539 531 1583 nunc
554 1516 668 1601 tenet}

230 1625 394 1689 Ricardus
417 1623 448 1687 le
470 1622 598 1707 Taylur
620 1632 712 1687 tenet
735 1643 838 1686 vnum
864 1622 1071 1705 mesuagium
1095 1620 1185 1707 quod
1209 1622 1271 1686 suit

164 1730 343 1813 Kynhoge‚
363 1739 397 1794 et
419 1730 530 1794 reddit
552 1751 612 1813 per
635 1749 760 1793 annum
784 1729 852 1811 ‚xij.
877 1730 1029 1793 denarios
1053 1728 1158 1815 [quod
1184 1750 1271 1793 nunc

163 1843 255 1898 tenet
278 1855 364 1898 vxor
386 1833 479 1919 eius].

230 1939 375 2021 Speruer
403 1947 496 2002 tenet
522 1958 624 2002 vnum
652 1940 860 2021 mesuagium
888 1938 979 2021 quod
1010 1938 1181 2021 quondam
1209 1938 1300 2004 suits·
1316 1944 1387 2009 ¹79b

165 2043 304 2108 Roberti
326 2044 357 2107 le
379 2043 517 2119 Redere‚
538 2053 572 2106 et
593 2043 702 2106 reddit
723 2064 781 2125 per
801 2063 928 2106 annum
948 2044 1000 2125 .iij.
1021 2044 1145 2107 solidos
1165 2045 1270 2129 [quod

164 2168 253 2212 nunc
269 2156 361 2212 tenet
378 2146 495 2211 Simon
511 2147 554 2209 de
570 2145 760 2229 Stoktone].

228 2252 400 2334 Johannes
412 2250 499 2313 filius
516 2249 652 2314 Ricardi
669 2250 742 2314 Peit
753 2259 846 2314 tenet
857 2271 959 2314 vnum
973 2253 1181 2334 mesuagium
1194 2273 1270 2317 cum

164 2356 270 2419 crofta
286 2357 328 2419 ad
345 2355 510 2420 venellam
526 2375 640 2419 versus
656 2374 788 2439 aquam,
804 2366 839 2419 et
860 2356 969 2420 reddit
989 2376 1188 2439 perannum
1205 2356 1271 2439 .iiij.

164 2459 288 2523 solidos
305 2459 487 2543 [Stoktone
502 2457 616 2541 tenet}

229 2564 401 2646 Johannes
422 2563 452 2625 le
475 2562 557 2625 Man
576 2572 668 2627 tenet
683 2583 784 2627 vnum
805 2564 1013 2647 mesuagium
1031 2565 1126 2629 iuxta
1143 2584 1271 2630 mesua-

164 2669 255 2750 gium
281 2667 437 2749 Hugonis
458 2665 551 2742 fabri,
566 2676 601 2730 et
621 2665 731 2730 reddit
749 2688 808 2749 per
829 2688 953 2731 annum
975 2669 1037 2750 .vij.
1054 2668 1216 2745 denarios,
1232 2670 1271 2751 .ij.

164 2791 310 2854 capones
326 2770 430 2854 [quod
447 2790 535 2834 nunc
551 2779 643 2834 tenet
659 2769 744 2834 filius
761 2770 934 2856 eiusdemJ.

231 2874 464 2938 Pittanciarius
486 2883 578 2938 tenet
599 2894 701 2936 vnum
724 2875 933 2957 mesuagium
952 2896 1028 2940 cum
1048 2878 1154 2942 crofta
1169 2898 1269 2961 quam

165 2976 335 3042 Galiridus
351 2977 444 3041 saber
464 2978 571 3041 tenuit
591 2980 681 3061 quod
703 2988 842 3042 vocatur
857 2979 1033 3059 Coldham,
1048 2994 1082 3047 et
1097 2982 1198 3047 debet
1214 3004 1272 3066 per

165 3101 290 3145 annum
306 3080 392 3144 duos
407 3079 532 3143 solidos
547 3081 588 3163 .ij.
604 3102 757 3164 capones.

233 3186 318 3250 Item
346 3186 435 3249 idem
462 3196 555 3250 tenet
581 3206 682 3250 unam
707 3188 846 3252 crostam
873 3210 939 3274 que
962 3190 1022 3254 fuit
1052 3192 1207 3274 Hugonis
1229 3193 1272 3257 de

166 3292 308 3368 Brunne‚
323 3303 357 3356 et
372 3292 473 3355 debet
489 3312 688 3374 perannum
705 3293 766 3375 .vij.
783 3294 946 3359 denarios.

232 3396 318 3460 Item
343 3396 432 3460 idem
455 3406 548 3461 tenet
572 3418 674 3461 vnum
700 3400 908 3483 mesuagium
933 3400 1022 3484 quod
1046 3402 1109 3466 suit
1133 3402 1271 3467 Henrici

167 3499 335 3583 [Feykin],
351 3511 385 3564 et
400 3501 501 3564 debet
516 3521 716 3583 perannum
733 3502 788 3567 .xl.
804 3504 959 3567 denarios
974 3504 1014 3586 .ij.
1031 3525 1185 3587 capones.

234 3603 319 3668 Item
337 3613 449 3667 custos
464 3603 507 3667 de
524 3603 763 3686 Steresbregge
778 3613 871 3670 tenet
887 3626 987 3670 vnam
1004 3628 1116 3671 acram
1132 3619 1226 3687 terre,
1238 3618 1272 3673 et

165 3709 267 3772 debet
283 3729 482 3792 perannum
499 3708 549 3790 .vj.
565 3707 728 3773 denarios.

233 3814 325 3876 Prior
345 3813 388 3877 de
409 3812 611 3876 Bemewelle
632 3822 725 3877 tenet
745 3834 848 3878 vnum
872 3818 1079 3899 mesuagium
1101 3816 1191 3902 quod
1211 3816 1273 3882 suit

167 3916 294 3982 Oliueri
317 3917 347 3981 le
367 3928 479 4001 porter
499 3917 542 3981 ad
564 3919 672 4001 capud
695 3919 771 3983 ville
792 3941 892 4003 super
912 3924 1099 3999 mariscum,
1117 3932 1152 3987 et
1172 3924 1273 3987 debet

167 4041 226 4104 per
241 4041 367 4084 annum
384 4021 437 4102 .iij.
452 4022 585 4086 solidos.

662 4110 821 4193 [Summa
836 4112 934 4195 ,iiij.li.
951 4114 1068 4196 xviijr.
1085 4114 1190 4197 .viij.d.
1206 4114 1274 4199 ob.]
