<?xml version="1.0" encoding="UTF-8"?>
<!DOCTYPE html PUBLIC "-//W3C//DTD XHTML 1.0 Transitional//EN"
    "http://www.w3.org/TR/xhtml1/DTD/xhtml1-transitional.dtd">
<html xmlns="http://www.w3.org/1999/xhtml" xml:lang="en" lang="en">
 <head>
  <title>
</title>
<meta http-equiv="Content-Type" content="text/html;charset=utf-8" />
  <meta name='ocr-system' content='tesseract 3.04.00' />
  <meta name='ocr-capabilities' content='ocr_page ocr_carea ocr_par ocr_line ocrx_word'/>
</head>
<body>
  <div class='ocr_page' id='page_1' title='image "./libermemorandor00clargoog/libermemorandor00clargoog_0094.png"; bbox 0 0 3234 5059; ppageno 0'>
   <div class='ocr_carea' id='block_1_1' title="bbox 338 354 1082 460">
    <p class='ocr_par' dir='ltr' id='par_1_1' title="bbox 338 354 1082 460">
     <span class='ocr_line' id='line_1_1' title="bbox 338 354 1082 460; baseline 0.005 -34"><span class='ocrx_word' id='word_1_1' title='bbox 338 358 385 427; x_wconf 89' lang='lat'>26</span> <span class='ocrx_word' id='word_1_2' title='bbox 412 449 417 460; x_wconf 31' lang='lat'>¹</span> <span class='ocrx_word' id='word_1_3' title='bbox 698 357 736 430; x_wconf 87' lang='grc' dir='ltr'><em>Τ</em></span> <span class='ocrx_word' id='word_1_4' title='bbox 730 356 775 430; x_wconf 78' lang='lat' dir='ltr'>hc</span> <span class='ocrx_word' id='word_1_5' title='bbox 801 356 949 430; x_wconf 82' lang='lat' dir='ltr'>Fourtli</span> <span class='ocrx_word' id='word_1_6' title='bbox 977 354 1082 430; x_wconf 80' lang='lat' dir='ltr'>Book</span> 
     </span>
    </p>
   </div>
   <div class='ocr_carea' id='block_1_2' title="bbox 351 541 1449 623">
    <p class='ocr_par' dir='ltr' id='par_1_2' title="bbox 351 541 1449 623">
     <span class='ocr_line' id='line_1_2' title="bbox 351 541 1449 623; baseline 0.002 -28"><span class='ocrx_word' id='word_1_7' title='bbox 351 541 378 597; x_wconf 82' lang='lat'>6.</span> <span class='ocrx_word' id='word_1_8' title='bbox 416 542 498 598; x_wconf 86' lang='lat' dir='ltr'>Bona</span> <span class='ocrx_word' id='word_1_9' title='bbox 527 542 702 615; x_wconf 83' lang='lat' dir='ltr'>temporalia·</span> <span class='ocrx_word' id='word_1_10' title='bbox 726 543 830 599; x_wconf 89' lang='lat' dir='ltr'>Prioris</span> <span class='ocrx_word' id='word_1_11' title='bbox 861 543 897 599; x_wconf 87' lang='lat' dir='ltr'>de</span> <span class='ocrx_word' id='word_1_12' title='bbox 929 543 1100 599; x_wconf 87' lang='lat' dir='ltr'>Bernewelle</span> <span class='ocrx_word' id='word_1_13' title='bbox 1117 543 1156 618; x_wconf 83' lang='lat' dir='ltr'>iii</span> <span class='ocrx_word' id='word_1_14' title='bbox 1187 542 1311 623; x_wconf 72' lang='lat' dir='ltr'>Dpocesi</span> <span class='ocrx_word' id='word_1_15' title='bbox 1339 542 1449 598; x_wconf 87' lang='lat' dir='ltr'>Eliensi</span> 
     </span>
    </p>
   </div>
   <div class='ocr_carea' id='block_1_3' title="bbox 251 615 1448 4236">
    <p class='ocr_par' dir='ltr' id='par_1_3' title="bbox 275 615 1021 767">
     <span class='ocr_line' id='line_1_3' title="bbox 275 615 1021 767; baseline -0.004 -26"><span class='ocrx_word' id='word_1_16' title='bbox 275 675 321 741; x_wconf 57' lang='lat' dir='ltr'>fil</span> <span class='ocrx_word' id='word_1_17' title='bbox 353 696 377 751; x_wconf 89' lang='grc'>7.</span> <span class='ocrx_word' id='word_1_18' title='bbox 415 615 1021 767; x_wconf 45' lang='grc' dir='ltr'>Εοῃῗοοὲἓῗέἳάνοξᾚἰιῖιῖιιοῐῖῗιιέἆὶιηεηεε.</span> 
     </span>
    </p>

    <p class='ocr_par' dir='ltr' id='par_1_4' title="bbox 352 756 804 812">
     <span class='ocr_line' id='line_1_4' title="bbox 352 756 804 812; baseline 0.004 -3"><span class='ocrx_word' id='word_1_19' title='bbox 352 756 377 809; x_wconf 89' lang='lat'>8.</span> <span class='ocrx_word' id='word_1_20' title='bbox 416 756 633 811; x_wconf 87' lang='lat' dir='ltr'>Procuracioad</span> <span class='ocrx_word' id='word_1_21' title='bbox 646 756 804 812; x_wconf 90' lang='lat' dir='ltr'>concilium.</span> 
     </span>
    </p>

    <p class='ocr_par' dir='ltr' id='par_1_5' title="bbox 352 826 998 899">
     <span class='ocr_line' id='line_1_5' title="bbox 352 826 998 899; baseline 0.002 -19"><span class='ocrx_word' id='word_1_22' title='bbox 352 841 377 893; x_wconf 71' lang='lat' dir='ltr'>p</span> <span class='ocrx_word' id='word_1_23' title='bbox 415 826 593 883; x_wconf 83' lang='lat' dir='ltr'>Certiiicacio</span> <span class='ocrx_word' id='word_1_24' title='bbox 605 828 815 899; x_wconf 84' lang='lat' dir='ltr'>procuracionis</span> <span class='ocrx_word' id='word_1_25' title='bbox 829 827 857 883; x_wconf 92' lang='lat' dir='ltr'>iii</span> <span class='ocrx_word' id='word_1_26' title='bbox 870 826 998 881; x_wconf 91' lang='lat' dir='ltr'>concilio.</span> 
     </span>
    </p>

    <p class='ocr_par' dir='ltr' id='par_1_6' title="bbox 338 898 868 955">
     <span class='ocr_line' id='line_1_6' title="bbox 338 898 868 955; baseline 0.004 -5"><span class='ocrx_word' id='word_1_27' title='bbox 338 912 376 950; x_wconf 85' lang='lat' dir='ltr'>io</span> <span class='ocrx_word' id='word_1_28' title='bbox 416 898 584 953; x_wconf 87' lang='lat' dir='ltr'>Procuracio</span> <span class='ocrx_word' id='word_1_29' title='bbox 596 898 625 953; x_wconf 86' lang='lat' dir='ltr'>iii</span> <span class='ocrx_word' id='word_1_30' title='bbox 637 898 715 955; x_wconf 87' lang='lat' dir='ltr'>curia</span> <span class='ocrx_word' id='word_1_31' title='bbox 729 900 868 953; x_wconf 88' lang='lat' dir='ltr'>Romana.</span> 
     </span>
    </p>

    <p class='ocr_par' dir='ltr' id='par_1_7' title="bbox 339 968 914 1039">
     <span class='ocr_line' id='line_1_7' title="bbox 339 968 914 1039; baseline 0.002 -18"><span class='ocrx_word' id='word_1_32' title='bbox 339 982 378 1023; x_wconf 90' lang='lat' dir='ltr'>ii.</span> <span class='ocrx_word' id='word_1_33' title='bbox 416 968 585 1023; x_wconf 88' lang='lat' dir='ltr'>Procuracio</span> <span class='ocrx_word' id='word_1_34' title='bbox 596 970 634 1025; x_wconf 87' lang='lat' dir='ltr'>ad</span> <span class='ocrx_word' id='word_1_35' title='bbox 647 985 748 1024; x_wconf 79' lang='lat' dir='ltr'>causas</span> <span class='ocrx_word' id='word_1_36' title='bbox 761 970 914 1039; x_wconf 81' lang='lat' dir='ltr'>generales.</span> 
     </span>
    </p>

    <p class='ocr_par' dir='ltr' id='par_1_8' title="bbox 338 1040 1143 1096">
     <span class='ocr_line' id='line_1_8' title="bbox 338 1040 1143 1096; baseline 0 -4"><span class='ocrx_word' id='word_1_37' title='bbox 338 1053 377 1093; x_wconf 88' lang='lat'>12.</span> <span class='ocrx_word' id='word_1_38' title='bbox 416 1040 584 1095; x_wconf 89' lang='lat' dir='ltr'>Procuracio</span> <span class='ocrx_word' id='word_1_39' title='bbox 596 1040 634 1094; x_wconf 91' lang='lat' dir='ltr'>ad</span> <span class='ocrx_word' id='word_1_40' title='bbox 646 1042 873 1096; x_wconf 87' lang='lat' dir='ltr'>contrabendum</span> <span class='ocrx_word' id='word_1_41' title='bbox 885 1057 950 1095; x_wconf 91' lang='lat' dir='ltr'>cum</span> <span class='ocrx_word' id='word_1_42' title='bbox 965 1050 1143 1096; x_wconf 81' lang='lat' dir='ltr'>mercatore..</span> 
     </span>
    </p>

    <p class='ocr_par' dir='ltr' id='par_1_9' title="bbox 251 1110 1364 1177">
     <span class='ocr_line' id='line_1_9' title="bbox 251 1110 1364 1177; baseline 0.002 -14"><span class='ocrx_word' id='word_1_43' title='bbox 251 1133 260 1149; x_wconf 43' lang='lat' dir='ltr'>a</span> <span class='ocrx_word' id='word_1_44' title='bbox 305 1114 377 1177; x_wconf 68' lang='lat'>³13·</span> <span class='ocrx_word' id='word_1_45' title='bbox 416 1111 585 1165; x_wconf 85' lang='lat' dir='ltr'>Procuracio</span> <span class='ocrx_word' id='word_1_46' title='bbox 598 1110 1109 1166; x_wconf 81' lang='lat' dir='ltr'>subaliaiorinaadcontraliendum</span> <span class='ocrx_word' id='word_1_47' title='bbox 1122 1126 1187 1165; x_wconf 89' lang='lat' dir='ltr'>cuni</span> <span class='ocrx_word' id='word_1_48' title='bbox 1201 1120 1364 1166; x_wconf 83' lang='lat' dir='ltr'>mercatore.</span> 
     </span>
    </p>

    <p class='ocr_par' dir='ltr' id='par_1_10' title="bbox 337 1182 1324 1264">
     <span class='ocr_line' id='line_1_10' title="bbox 337 1182 1324 1264; baseline 0.002 -30"><span class='ocrx_word' id='word_1_49' title='bbox 337 1195 376 1247; x_wconf 73' lang='lat' dir='ltr'>iu.</span> <span class='ocrx_word' id='word_1_50' title='bbox 416 1182 584 1264; x_wconf 78' lang='lat' dir='ltr'>Procuracio</span> <span class='ocrx_word' id='word_1_51' title='bbox 596 1183 905 1264; x_wconf 76' lang='lat' dir='ltr'>coram=Wyntoniensi</span> <span class='ocrx_word' id='word_1_52' title='bbox 918 1192 946 1237; x_wconf 89' lang='lat' dir='ltr'>et</span> <span class='ocrx_word' id='word_1_53' title='bbox 961 1182 1149 1237; x_wconf 85' lang='lat' dir='ltr'>Lincolniensi</span> <span class='ocrx_word' id='word_1_54' title='bbox 1164 1182 1324 1253; x_wconf 87' lang='lat' dir='ltr'>Episcopis.</span> 
     </span>
    </p>

    <p class='ocr_par' dir='ltr' id='par_1_11' title="bbox 337 1252 828 1406">
     <span class='ocr_line' id='line_1_11' title="bbox 337 1252 828 1406; baseline 0.006 -31"><span class='ocrx_word' id='word_1_55' title='bbox 337 1264 377 1377; x_wconf 58' lang='lat' dir='ltr'>ig.</span> <span class='ocrx_word' id='word_1_56' title='bbox 415 1252 650 1379; x_wconf 49' lang='grc' dir='ltr'>ἓὲξιῗτιὲοῑίῐέἶῖιῐῑξ</span> <span class='ocrx_word' id='word_1_57' title='bbox 661 1324 828 1406; x_wconf 39' lang='lat' dir='ltr'>alia&#39;t&#39;omia</span> 
     </span>
    </p>

    <p class='ocr_par' dir='ltr' id='par_1_12' title="bbox 338 1394 1447 1591">
     <span class='ocr_line' id='line_1_12' title="bbox 338 1394 1447 1535; baseline 0.003 -17"><span class='ocrx_word' id='word_1_58' title='bbox 338 1408 377 1518; x_wconf 62' lang='lat' dir='ltr'>:i7l</span> <span class='ocrx_word' id='word_1_59' title='bbox 416 1394 860 1535; x_wconf 42' lang='lat' dir='ltr'>leborbilaiaccffmkpbffcibbligniacte</span> <span class='ocrx_word' id='word_1_60' title='bbox 884 1465 958 1520; x_wconf 89' lang='lat' dir='ltr'>inter</span> <span class='ocrx_word' id='word_1_61' title='bbox 983 1466 1203 1521; x_wconf 84' lang='lat' dir='ltr'>Canonicosde</span> <span class='ocrx_word' id='word_1_62' title='bbox 1226 1434 1397 1521; x_wconf 71' lang='lat' dir='ltr'>Bemeivelle</span> <span class='ocrx_word' id='word_1_63' title='bbox 1418 1426 1447 1521; x_wconf 80' lang='lat' dir='ltr'>et</span> 
     </span>
     <span class='ocr_line' id='line_1_13' title="bbox 476 1534 788 1591; baseline 0.006 -2"><span class='ocrx_word' id='word_1_64' title='bbox 476 1534 577 1591; x_wconf 82' lang='lat' dir='ltr'>iratres</span> <span class='ocrx_word' id='word_1_65' title='bbox 594 1536 631 1591; x_wconf 92' lang='lat' dir='ltr'>de</span> <span class='ocrx_word' id='word_1_66' title='bbox 649 1538 788 1591; x_wconf 88' lang='lat' dir='ltr'>Carmelo.</span> 
     </span>
    </p>

    <p class='ocr_par' dir='ltr' id='par_1_13' title="bbox 339 1606 995 1674">
     <span class='ocr_line' id='line_1_14' title="bbox 339 1606 995 1674; baseline 0.005 -15"><span class='ocrx_word' id='word_1_67' title='bbox 339 1622 377 1674; x_wconf 71' lang='lat' dir='ltr'>ip</span> <span class='ocrx_word' id='word_1_68' title='bbox 417 1607 463 1659; x_wconf 92' lang='lat' dir='ltr'>De</span> <span class='ocrx_word' id='word_1_69' title='bbox 473 1607 664 1662; x_wconf 83' lang='lat' dir='ltr'>mutabilitate</span> <span class='ocrx_word' id='word_1_70' title='bbox 676 1608 793 1662; x_wconf 83' lang='lat' dir='ltr'>fratrum</span> <span class='ocrx_word' id='word_1_71' title='bbox 806 1607 842 1661; x_wconf 90' lang='lat' dir='ltr'>de</span> <span class='ocrx_word' id='word_1_72' title='bbox 856 1606 995 1662; x_wconf 88' lang='lat' dir='ltr'>Cannelo.</span> 
     </span>
    </p>

    <p class='ocr_par' dir='ltr' id='par_1_14' title="bbox 336 1676 833 1748">
     <span class='ocr_line' id='line_1_15' title="bbox 336 1676 833 1748; baseline 0.002 -18"><span class='ocrx_word' id='word_1_73' title='bbox 336 1692 377 1732; x_wconf 89' lang='lat'>20.</span> <span class='ocrx_word' id='word_1_74' title='bbox 415 1676 554 1732; x_wconf 89' lang='lat' dir='ltr'>Canonici</span> <span class='ocrx_word' id='word_1_75' title='bbox 566 1678 602 1731; x_wconf 90' lang='lat' dir='ltr'>de</span> <span class='ocrx_word' id='word_1_76' title='bbox 616 1678 833 1748; x_wconf 79' lang='lat' dir='ltr'>Simplingliain.</span> 
     </span>
    </p>

    <p class='ocr_par' dir='ltr' id='par_1_15' title="bbox 336 1747 1447 1889">
     <span class='ocr_line' id='line_1_16' title="bbox 336 1747 1447 1831; baseline 0.002 -28"><span class='ocrx_word' id='word_1_77' title='bbox 336 1763 377 1803; x_wconf 74' lang='lat' dir='ltr'>ar.</span> <span class='ocrx_word' id='word_1_78' title='bbox 417 1748 461 1801; x_wconf 88' lang='lat' dir='ltr'>De</span> <span class='ocrx_word' id='word_1_79' title='bbox 477 1747 568 1803; x_wconf 86' lang='lat' dir='ltr'>t&#39;onna</span> <span class='ocrx_word' id='word_1_80' title='bbox 584 1748 803 1831; x_wconf 81' lang='lat' dir='ltr'>composicionis</span> <span class='ocrx_word' id='word_1_81' title='bbox 821 1748 894 1803; x_wconf 87' lang='lat' dir='ltr'>lacte</span> <span class='ocrx_word' id='word_1_82' title='bbox 914 1748 985 1803; x_wconf 89' lang='lat' dir='ltr'>inter</span> <span class='ocrx_word' id='word_1_83' title='bbox 1003 1748 1217 1803; x_wconf 79' lang='lat' dir='ltr'>canonicosde</span> <span class='ocrx_word' id='word_1_84' title='bbox 1236 1750 1407 1805; x_wconf 85' lang='lat' dir='ltr'>Bernewelle</span> <span class='ocrx_word' id='word_1_85' title='bbox 1419 1759 1447 1805; x_wconf 91' lang='lat' dir='ltr'>et</span> 
     </span>
     <span class='ocr_line' id='line_1_17' title="bbox 477 1818 997 1889; baseline 0.002 -17"><span class='ocrx_word' id='word_1_86' title='bbox 477 1818 578 1873; x_wconf 81' lang='lat' dir='ltr'>fratres</span> <span class='ocrx_word' id='word_1_87' title='bbox 595 1820 703 1874; x_wconf 80' lang='lat' dir='ltr'>ordinis</span> <span class='ocrx_word' id='word_1_88' title='bbox 722 1820 819 1874; x_wconf 89' lang='lat' dir='ltr'>Sancti</span> <span class='ocrx_word' id='word_1_89' title='bbox 838 1819 997 1889; x_wconf 85' lang='lat' dir='ltr'>Augustini.</span> 
     </span>
    </p>

    <p class='ocr_par' dir='ltr' id='par_1_16' title="bbox 336 1888 1447 2017">
     <span class='ocr_line' id='line_1_18' title="bbox 336 1888 1447 1963; baseline 0.002 -19"><span class='ocrx_word' id='word_1_90' title='bbox 336 1904 378 1945; x_wconf 87' lang='lat'>22.</span> <span class='ocrx_word' id='word_1_91' title='bbox 416 1892 463 1946; x_wconf 90' lang='lat' dir='ltr'>De</span> <span class='ocrx_word' id='word_1_92' title='bbox 479 1888 569 1945; x_wconf 79' lang='lat' dir='ltr'>sonna</span> <span class='ocrx_word' id='word_1_93' title='bbox 585 1891 803 1963; x_wconf 85' lang='lat' dir='ltr'>composicionis</span> <span class='ocrx_word' id='word_1_94' title='bbox 821 1890 895 1946; x_wconf 79' lang='lat' dir='ltr'>facte</span> <span class='ocrx_word' id='word_1_95' title='bbox 912 1891 984 1943; x_wconf 88' lang='lat' dir='ltr'>inter</span> <span class='ocrx_word' id='word_1_96' title='bbox 1001 1890 1162 1945; x_wconf 89' lang='lat' dir='ltr'>Canonicos</span> <span class='ocrx_word' id='word_1_97' title='bbox 1179 1890 1216 1945; x_wconf 93' lang='lat' dir='ltr'>de</span> <span class='ocrx_word' id='word_1_98' title='bbox 1229 1892 1401 1946; x_wconf 86' lang='lat' dir='ltr'>Berneivelle</span> <span class='ocrx_word' id='word_1_99' title='bbox 1419 1904 1447 1947; x_wconf 89' lang='lat' dir='ltr'>et</span> 
     </span>
     <span class='ocr_line' id='line_1_19' title="bbox 476 1960 1399 2017; baseline 0.001 -2"><span class='ocrx_word' id='word_1_100' title='bbox 476 1960 662 2017; x_wconf 83' lang='lat' dir='ltr'>Abbatissam</span> <span class='ocrx_word' id='word_1_101' title='bbox 679 1971 707 2016; x_wconf 88' lang='lat' dir='ltr'>et</span> <span class='ocrx_word' id='word_1_102' title='bbox 726 1977 838 2017; x_wconf 88' lang='lat' dir='ltr'>sorores</span> <span class='ocrx_word' id='word_1_103' title='bbox 855 1963 892 2016; x_wconf 90' lang='lat' dir='ltr'>de</span> <span class='ocrx_word' id='word_1_104' title='bbox 911 1962 1106 2016; x_wconf 89' lang='lat' dir='ltr'>Waterbeche.</span> <span class='ocrx_word' id='word_1_105' title='bbox 1396 1974 1399 1980; x_wconf 84' lang='lat'>&#39;</span> 
     </span>
    </p>

    <p class='ocr_par' dir='ltr' id='par_1_17' title="bbox 336 2032 1003 2101">
     <span class='ocr_line' id='line_1_20' title="bbox 336 2032 1003 2101; baseline 0 -15"><span class='ocrx_word' id='word_1_106' title='bbox 336 2046 377 2101; x_wconf 67' lang='grc' dir='ltr'>η</span> <span class='ocrx_word' id='word_1_107' title='bbox 417 2034 463 2087; x_wconf 90' lang='lat' dir='ltr'>De</span> <span class='ocrx_word' id='word_1_108' title='bbox 474 2032 607 2087; x_wconf 81' lang='lat' dir='ltr'>iratribus</span> <span class='ocrx_word' id='word_1_109' title='bbox 619 2033 703 2088; x_wconf 88' lang='lat' dir='ltr'>beate</span> <span class='ocrx_word' id='word_1_110' title='bbox 716 2032 808 2089; x_wconf 82' lang='lat' dir='ltr'>Marie</span> <span class='ocrx_word' id='word_1_111' title='bbox 821 2032 858 2087; x_wconf 84' lang='lat' dir='ltr'>ad</span> <span class='ocrx_word' id='word_1_112' title='bbox 870 2042 1003 2088; x_wconf 84' lang='lat' dir='ltr'>castrum.</span> 
     </span>
    </p>

    <p class='ocr_par' dir='ltr' id='par_1_18' title="bbox 335 2102 762 2172">
     <span class='ocr_line' id='line_1_21' title="bbox 335 2102 762 2172; baseline 0 -14"><span class='ocrx_word' id='word_1_113' title='bbox 335 2118 377 2172; x_wconf 87' lang='lat'>24</span> <span class='ocrx_word' id='word_1_114' title='bbox 416 2106 463 2158; x_wconf 88' lang='lat' dir='ltr'>De</span> <span class='ocrx_word' id='word_1_115' title='bbox 474 2102 608 2158; x_wconf 82' lang='lat' dir='ltr'>fratribus</span> <span class='ocrx_word' id='word_1_116' title='bbox 620 2103 657 2159; x_wconf 91' lang='lat' dir='ltr'>de</span> <span class='ocrx_word' id='word_1_117' title='bbox 670 2120 762 2159; x_wconf 88' lang='lat' dir='ltr'>sacco.</span> 
     </span>
    </p>

    <p class='ocr_par' dir='ltr' id='par_1_19' title="bbox 334 2172 1269 2300">
     <span class='ocr_line' id='line_1_22' title="bbox 334 2172 1269 2300; baseline 0 -72"><span class='ocrx_word' id='word_1_118' title='bbox 334 2188 377 2298; x_wconf 60' lang='grc' dir='ltr'>τὲ.</span> <span class='ocrx_word' id='word_1_119' title='bbox 416 2175 461 2299; x_wconf 61' lang='lat' dir='ltr'>Be</span> <span class='ocrx_word' id='word_1_120' title='bbox 474 2173 647 2299; x_wconf 52' lang='lat' dir='ltr'>llercacpia}</span> <span class='ocrx_word' id='word_1_121' title='bbox 661 2174 843 2300; x_wconf 51' lang='lat' dir='ltr'>01⁰¹¹3mga¹⁵1i3⁰</span> <span class='ocrx_word' id='word_1_122' title='bbox 857 2172 1006 2299; x_wconf 61' lang='lat' dir='ltr'>Reginlalildi</span> <span class='ocrx_word' id='word_1_123' title='bbox 1019 2174 1055 2229; x_wconf 89' lang='lat' dir='ltr'>de</span> <span class='ocrx_word' id='word_1_124' title='bbox 1070 2175 1269 2230; x_wconf 89' lang='lat' dir='ltr'>Cumbertone.</span> 
     </span>
    </p>

    <p class='ocr_par' dir='ltr' id='par_1_20' title="bbox 334 2260 988 2301">
     <span class='ocr_line' id='line_1_23' title="bbox 334 2260 988 2301; baseline -0.003 -1"><span class='ocrx_word' id='word_1_125' title='bbox 334 2262 376 2300; x_wconf 90' lang='lat'>2.</span> <span class='ocrx_word' id='word_1_126' title='bbox 445 2260 555 2301; x_wconf 90' lang='lat' dir='ltr'>eincen</span> <span class='ocrx_word' id='word_1_127' title='bbox 578 2260 606 2299; x_wconf 92' lang='lat' dir='ltr'>io</span> <span class='ocrx_word' id='word_1_128' title='bbox 646 2261 678 2300; x_wconf 87' lang='lat' dir='ltr'>cc</span> <span class='ocrx_word' id='word_1_129' title='bbox 689 2262 747 2300; x_wconf 83' lang='lat' dir='ltr'>esre</span> <span class='ocrx_word' id='word_1_130' title='bbox 779 2261 796 2299; x_wconf 91' lang='lat' dir='ltr'>e</span> <span class='ocrx_word' id='word_1_131' title='bbox 835 2261 943 2300; x_wconf 86' lang='lat' dir='ltr'>emewe</span> <span class='ocrx_word' id='word_1_132' title='bbox 964 2260 988 2298; x_wconf 90' lang='lat' dir='ltr'>e.</span> 
     </span>
    </p>

    <p class='ocr_par' dir='ltr' id='par_1_21' title="bbox 334 2314 1236 2387">
     <span class='ocr_line' id='line_1_24' title="bbox 334 2314 1236 2387; baseline -0.003 -17"><span class='ocrx_word' id='word_1_133' title='bbox 334 2330 376 2384; x_wconf 88' lang='lat'>27.</span> <span class='ocrx_word' id='word_1_134' title='bbox 416 2317 460 2371; x_wconf 87' lang='lat' dir='ltr'>De</span> <span class='ocrx_word' id='word_1_135' title='bbox 474 2314 672 2385; x_wconf 79' lang='lat' dir='ltr'>indignacione</span> <span class='ocrx_word' id='word_1_136' title='bbox 685 2315 811 2387; x_wconf 87' lang='lat' dir='ltr'>episcopi</span> <span class='ocrx_word' id='word_1_137' title='bbox 824 2325 852 2369; x_wconf 90' lang='lat' dir='ltr'>et</span> <span class='ocrx_word' id='word_1_138' title='bbox 865 2314 1097 2371; x_wconf 87' lang='lat' dir='ltr'>reconciliacione</span> <span class='ocrx_word' id='word_1_139' title='bbox 1108 2315 1236 2371; x_wconf 86' lang='lat' dir='ltr'>ecclesie.</span> 
     </span>
    </p>

    <p class='ocr_par' dir='ltr' id='par_1_22' title="bbox 334 2384 1429 2457">
     <span class='ocr_line' id='line_1_25' title="bbox 334 2384 1429 2457; baseline 0.002 -16"><span class='ocrx_word' id='word_1_140' title='bbox 334 2388 377 2441; x_wconf 74' lang='lat'>28:</span> <span class='ocrx_word' id='word_1_141' title='bbox 415 2389 461 2442; x_wconf 90' lang='lat' dir='ltr'>De</span> <span class='ocrx_word' id='word_1_142' title='bbox 473 2387 565 2455; x_wconf 88' lang='lat' dir='ltr'>prima</span> <span class='ocrx_word' id='word_1_143' title='bbox 576 2386 761 2442; x_wconf 85' lang='lat' dir='ltr'>dedicacione</span> <span class='ocrx_word' id='word_1_144' title='bbox 772 2384 891 2441; x_wconf 90' lang='lat' dir='ltr'>ecclesie</span> <span class='ocrx_word' id='word_1_145' title='bbox 904 2386 941 2441; x_wconf 89' lang='lat' dir='ltr'>de</span> <span class='ocrx_word' id='word_1_146' title='bbox 955 2386 1126 2442; x_wconf 85' lang='lat' dir='ltr'>Bernewelle</span> <span class='ocrx_word' id='word_1_147' title='bbox 1137 2397 1165 2442; x_wconf 94' lang='lat' dir='ltr'>et</span> <span class='ocrx_word' id='word_1_148' title='bbox 1178 2388 1350 2457; x_wconf 84' lang='lat' dir='ltr'>capellarum</span> <span class='ocrx_word' id='word_1_149' title='bbox 1363 2388 1429 2443; x_wconf 88' lang='lat' dir='ltr'>eius.</span> 
     </span>
    </p>

    <p class='ocr_par' dir='ltr' id='par_1_23' title="bbox 334 2457 966 2528">
     <span class='ocr_line' id='line_1_26' title="bbox 334 2457 966 2528; baseline -0.002 -15"><span class='ocrx_word' id='word_1_150' title='bbox 334 2473 376 2528; x_wconf 67' lang='lat' dir='ltr'>ap</span> <span class='ocrx_word' id='word_1_151' title='bbox 415 2459 461 2513; x_wconf 91' lang='lat' dir='ltr'>De</span> <span class='ocrx_word' id='word_1_152' title='bbox 475 2458 753 2527; x_wconf 79' lang='lat' dir='ltr'>MagistroRoberto</span> <span class='ocrx_word' id='word_1_153' title='bbox 765 2457 802 2511; x_wconf 90' lang='lat' dir='ltr'>de</span> <span class='ocrx_word' id='word_1_154' title='bbox 815 2457 966 2512; x_wconf 88' lang='lat' dir='ltr'>Fulbume.</span> 
     </span>
    </p>

    <p class='ocr_par' dir='ltr' id='par_1_24' title="bbox 335 2527 1244 2610">
     <span class='ocr_line' id='line_1_27' title="bbox 335 2527 1244 2610; baseline 0.001 -28"><span class='ocrx_word' id='word_1_155' title='bbox 335 2546 377 2599; x_wconf 87' lang='lat'>30.</span> <span class='ocrx_word' id='word_1_156' title='bbox 415 2531 461 2583; x_wconf 89' lang='lat' dir='ltr'>De</span> <span class='ocrx_word' id='word_1_157' title='bbox 473 2527 672 2610; x_wconf 87' lang='lat' dir='ltr'>redempcione</span> <span class='ocrx_word' id='word_1_158' title='bbox 683 2528 917 2598; x_wconf 86' lang='lat' dir='ltr'>Justiciariorum,</span> <span class='ocrx_word' id='word_1_159' title='bbox 930 2536 957 2581; x_wconf 85' lang='lat' dir='ltr'>ot</span> <span class='ocrx_word' id='word_1_160' title='bbox 970 2528 1083 2583; x_wconf 78' lang='lat' dir='ltr'>&#39;rhome</span> <span class='ocrx_word' id='word_1_161' title='bbox 1095 2529 1244 2597; x_wconf 89' lang='lat' dir='ltr'>Weyland.</span> 
     </span>
    </p>

    <p class='ocr_par' dir='ltr' id='par_1_25' title="bbox 335 2598 1277 2669">
     <span class='ocr_line' id='line_1_28' title="bbox 335 2598 1277 2669; baseline -0.002 -14"><span class='ocrx_word' id='word_1_162' title='bbox 335 2616 377 2669; x_wconf 86' lang='lat'>3¹·</span> <span class='ocrx_word' id='word_1_163' title='bbox 415 2602 461 2655; x_wconf 91' lang='lat' dir='ltr'>De</span> <span class='ocrx_word' id='word_1_164' title='bbox 473 2600 637 2669; x_wconf 81' lang='lat' dir='ltr'>expulsione</span> <span class='ocrx_word' id='word_1_165' title='bbox 652 2600 811 2667; x_wconf 81' lang='lat' dir='ltr'>iudeorum,</span> <span class='ocrx_word' id='word_1_166' title='bbox 824 2609 851 2655; x_wconf 89' lang='lat' dir='ltr'>et</span> <span class='ocrx_word' id='word_1_167' title='bbox 867 2598 995 2664; x_wconf 87' lang='lat' dir='ltr'>Decima,</span> <span class='ocrx_word' id='word_1_168' title='bbox 1009 2609 1036 2653; x_wconf 89' lang='lat' dir='ltr'>ct</span> <span class='ocrx_word' id='word_1_169' title='bbox 1050 2600 1277 2667; x_wconf 82' lang='lat' dir='ltr'>Quintadecima.</span> 
     </span>
    </p>

    <p class='ocr_par' dir='ltr' id='par_1_26' title="bbox 335 2670 1197 2741">
     <span class='ocr_line' id='line_1_29' title="bbox 335 2670 1197 2741; baseline 0 -16"><span class='ocrx_word' id='word_1_170' title='bbox 335 2687 378 2741; x_wconf 87' lang='lat'>32.</span> <span class='ocrx_word' id='word_1_171' title='bbox 416 2673 462 2726; x_wconf 91' lang='lat' dir='ltr'>De</span> <span class='ocrx_word' id='word_1_172' title='bbox 474 2681 565 2726; x_wconf 89' lang='lat' dir='ltr'>morte</span> <span class='ocrx_word' id='word_1_173' title='bbox 579 2671 713 2725; x_wconf 85' lang='lat' dir='ltr'>Elianore</span> <span class='ocrx_word' id='word_1_174' title='bbox 727 2670 843 2738; x_wconf 80' lang='lat' dir='ltr'>Regina.</span> <span class='ocrx_word' id='word_1_175' title='bbox 1195 2706 1197 2712; x_wconf 32' lang='grc' dir='ltr'>ι</span> 
     </span>
    </p>

    <p class='ocr_par' dir='ltr' id='par_1_27' title="bbox 335 2740 849 2811">
     <span class='ocr_line' id='line_1_30' title="bbox 335 2740 849 2811; baseline 0 -16"><span class='ocrx_word' id='word_1_176' title='bbox 335 2758 377 2811; x_wconf 86' lang='lat'>33.</span> <span class='ocrx_word' id='word_1_177' title='bbox 417 2743 462 2797; x_wconf 90' lang='lat' dir='ltr'>De</span> <span class='ocrx_word' id='word_1_178' title='bbox 474 2740 596 2811; x_wconf 82' lang='lat' dir='ltr'>pauagio</span> <span class='ocrx_word' id='word_1_179' title='bbox 609 2741 646 2796; x_wconf 91' lang='lat' dir='ltr'>de</span> <span class='ocrx_word' id='word_1_180' title='bbox 659 2740 849 2809; x_wconf 76' lang='lat' dir='ltr'>cantebrigia.</span> 
     </span>
    </p>

    <p class='ocr_par' dir='ltr' id='par_1_28' title="bbox 335 2810 960 2882">
     <span class='ocr_line' id='line_1_31' title="bbox 335 2810 960 2882; baseline -0.003 -15"><span class='ocrx_word' id='word_1_181' title='bbox 335 2829 377 2882; x_wconf 80' lang='lat'>34.</span> <span class='ocrx_word' id='word_1_182' title='bbox 415 2815 461 2867; x_wconf 88' lang='lat' dir='ltr'>De</span> <span class='ocrx_word' id='word_1_183' title='bbox 474 2812 691 2866; x_wconf 88' lang='lat' dir='ltr'>consecracione</span> <span class='ocrx_word' id='word_1_184' title='bbox 703 2811 844 2866; x_wconf 88' lang='lat' dir='ltr'>crismatis</span> <span class='ocrx_word' id='word_1_185' title='bbox 856 2821 885 2866; x_wconf 90' lang='lat' dir='ltr'>et</span> <span class='ocrx_word' id='word_1_186' title='bbox 898 2810 960 2866; x_wconf 88' lang='lat' dir='ltr'>olei.</span> 
     </span>
    </p>

    <p class='ocr_par' dir='ltr' id='par_1_29' title="bbox 335 2882 1129 2955">
     <span class='ocr_line' id='line_1_32' title="bbox 335 2882 1129 2955; baseline -0.006 -16"><span class='ocrx_word' id='word_1_187' title='bbox 335 2898 377 2955; x_wconf 85' lang='lat'>35.</span> <span class='ocrx_word' id='word_1_188' title='bbox 415 2886 461 2939; x_wconf 87' lang='lat' dir='ltr'>De</span> <span class='ocrx_word' id='word_1_189' title='bbox 472 2882 550 2937; x_wconf 92' lang='lat' dir='ltr'>mille</span> <span class='ocrx_word' id='word_1_190' title='bbox 561 2882 640 2937; x_wconf 93' lang='lat' dir='ltr'>libris</span> <span class='ocrx_word' id='word_1_191' title='bbox 652 2882 682 2937; x_wconf 94' lang='lat' dir='ltr'>iii</span> <span class='ocrx_word' id='word_1_192' title='bbox 694 2882 825 2953; x_wconf 87' lang='lat' dir='ltr'>deposito</span> <span class='ocrx_word' id='word_1_193' title='bbox 837 2892 864 2936; x_wconf 88' lang='lat' dir='ltr'>et</span> <span class='ocrx_word' id='word_1_194' title='bbox 877 2883 940 2937; x_wconf 82' lang='lat' dir='ltr'>Ade</span> <span class='ocrx_word' id='word_1_195' title='bbox 953 2882 989 2937; x_wconf 91' lang='lat' dir='ltr'>de</span> <span class='ocrx_word' id='word_1_196' title='bbox 1004 2882 1129 2937; x_wconf 87' lang='lat' dir='ltr'>Ristone.</span> 
     </span>
    </p>

    <p class='ocr_par' dir='ltr' id='par_1_30' title="bbox 335 2952 998 3024">
     <span class='ocr_line' id='line_1_33' title="bbox 335 2952 998 3024; baseline -0.005 -14"><span class='ocrx_word' id='word_1_197' title='bbox 335 2958 377 3024; x_wconf 81' lang='lat'>36.</span> <span class='ocrx_word' id='word_1_198' title='bbox 415 2956 461 3008; x_wconf 91' lang='lat' dir='ltr'>De</span> <span class='ocrx_word' id='word_1_199' title='bbox 473 2970 586 3008; x_wconf 86' lang='lat' dir='ltr'>recessu</span> <span class='ocrx_word' id='word_1_200' title='bbox 599 2952 768 3022; x_wconf 75' lang='lat' dir='ltr'>cancellarii</span> <span class='ocrx_word' id='word_1_201' title='bbox 781 2952 888 3008; x_wconf 90' lang='lat' dir='ltr'>domini</span> <span class='ocrx_word' id='word_1_202' title='bbox 904 2954 998 3021; x_wconf 80' lang='lat' dir='ltr'>Regis.</span> 
     </span>
    </p>

    <p class='ocr_par' dir='ltr' id='par_1_31' title="bbox 336 3024 1205 3094">
     <span class='ocr_line' id='line_1_34' title="bbox 336 3024 1205 3094; baseline -0.002 -14"><span class='ocrx_word' id='word_1_203' title='bbox 336 3041 377 3094; x_wconf 88' lang='lat'>37.</span> <span class='ocrx_word' id='word_1_204' title='bbox 416 3028 462 3081; x_wconf 90' lang='lat' dir='ltr'>De</span> <span class='ocrx_word' id='word_1_205' title='bbox 475 3025 600 3079; x_wconf 87' lang='lat' dir='ltr'>Ricardo</span> <span class='ocrx_word' id='word_1_206' title='bbox 614 3025 761 3079; x_wconf 85' lang='lat' dir='ltr'>Laurencii</span> <span class='ocrx_word' id='word_1_207' title='bbox 774 3033 802 3079; x_wconf 89' lang='lat' dir='ltr'>et</span> <span class='ocrx_word' id='word_1_208' title='bbox 816 3025 928 3091; x_wconf 87' lang='lat' dir='ltr'>Rogero</span> <span class='ocrx_word' id='word_1_209' title='bbox 941 3025 977 3079; x_wconf 86' lang='lat' dir='ltr'>de</span> <span class='ocrx_word' id='word_1_210' title='bbox 990 3024 1205 3093; x_wconf 79' lang='lat' dir='ltr'>Wytlieresleld.</span> 
     </span>
    </p>

    <p class='ocr_par' dir='ltr' id='par_1_32' title="bbox 336 3094 769 3167">
     <span class='ocr_line' id='line_1_35' title="bbox 336 3094 769 3167; baseline -0.012 -14"><span class='ocrx_word' id='word_1_211' title='bbox 336 3099 377 3167; x_wconf 89' lang='lat'>38.</span> <span class='ocrx_word' id='word_1_212' title='bbox 415 3099 507 3151; x_wconf 91' lang='lat' dir='ltr'>Breue</span> <span class='ocrx_word' id='word_1_213' title='bbox 519 3095 556 3150; x_wconf 89' lang='lat' dir='ltr'>de</span> <span class='ocrx_word' id='word_1_214' title='bbox 571 3094 769 3166; x_wconf 88' lang='lat' dir='ltr'>lnquisicione.</span> 
     </span>
    </p>

    <p class='ocr_par' dir='ltr' id='par_1_33' title="bbox 336 3166 720 3237">
     <span class='ocr_line' id='line_1_36' title="bbox 336 3166 720 3237; baseline 0 -15"><span class='ocrx_word' id='word_1_215' title='bbox 336 3184 377 3237; x_wconf 85' lang='lat'>39.</span> <span class='ocrx_word' id='word_1_216' title='bbox 417 3169 507 3222; x_wconf 88' lang='lat' dir='ltr'>Breue</span> <span class='ocrx_word' id='word_1_217' title='bbox 519 3167 556 3221; x_wconf 88' lang='lat' dir='ltr'>de</span> <span class='ocrx_word' id='word_1_218' title='bbox 568 3166 624 3221; x_wconf 86' lang='lat' dir='ltr'>fine</span> <span class='ocrx_word' id='word_1_219' title='bbox 636 3166 720 3223; x_wconf 82' lang='lat' dir='ltr'>facto.</span> 
     </span>
    </p>

    <p class='ocr_par' dir='ltr' id='par_1_34' title="bbox 334 3236 832 3308">
     <span class='ocr_line' id='line_1_37' title="bbox 334 3236 832 3308; baseline -0.014 -12"><span class='ocrx_word' id='word_1_220' title='bbox 334 3255 378 3308; x_wconf 66' lang='lat' dir='ltr'>uo</span> <span class='ocrx_word' id='word_1_221' title='bbox 416 3236 638 3295; x_wconf 87' lang='lat' dir='ltr'>lnrotulacioad</span> <span class='ocrx_word' id='word_1_222' title='bbox 651 3236 832 3293; x_wconf 82' lang='lat' dir='ltr'>scaccarium.</span> 
     </span>
    </p>

    <p class='ocr_par' dir='ltr' id='par_1_35' title="bbox 333 3306 1321 3379">
     <span class='ocr_line' id='line_1_38' title="bbox 333 3306 1321 3379; baseline 0 -14"><span class='ocrx_word' id='word_1_223' title='bbox 333 3326 377 3378; x_wconf 83' lang='lat'>4¹·</span> <span class='ocrx_word' id='word_1_224' title='bbox 416 3309 539 3365; x_wconf 88' lang='lat' dir='ltr'>Materia</span> <span class='ocrx_word' id='word_1_225' title='bbox 550 3309 691 3366; x_wconf 89' lang='lat' dir='ltr'>discordie</span> <span class='ocrx_word' id='word_1_226' title='bbox 703 3310 777 3363; x_wconf 89' lang='lat' dir='ltr'>inter</span> <span class='ocrx_word' id='word_1_227' title='bbox 789 3308 899 3377; x_wconf 80' lang='lat' dir='ltr'>Regem</span> <span class='ocrx_word' id='word_1_228' title='bbox 910 3306 1014 3377; x_wconf 77' lang='lat' dir='ltr'>Anglie</span> <span class='ocrx_word' id='word_1_229' title='bbox 1026 3317 1054 3362; x_wconf 90' lang='lat' dir='ltr'>et</span> <span class='ocrx_word' id='word_1_230' title='bbox 1070 3308 1177 3379; x_wconf 80' lang='lat' dir='ltr'>Regem</span> <span class='ocrx_word' id='word_1_231' title='bbox 1195 3309 1321 3365; x_wconf 84' lang='lat' dir='ltr'>Francie.</span> 
     </span>
    </p>

    <p class='ocr_par' dir='ltr' id='par_1_36' title="bbox 334 3378 1212 3450">
     <span class='ocr_line' id='line_1_39' title="bbox 334 3378 1212 3450; baseline -0.003 -14"><span class='ocrx_word' id='word_1_232' title='bbox 334 3398 378 3450; x_wconf 80' lang='lat'>42.</span> <span class='ocrx_word' id='word_1_233' title='bbox 416 3383 462 3436; x_wconf 91' lang='lat' dir='ltr'>De</span> <span class='ocrx_word' id='word_1_234' title='bbox 474 3380 607 3436; x_wconf 88' lang='lat' dir='ltr'>incendio</span> <span class='ocrx_word' id='word_1_235' title='bbox 618 3379 736 3436; x_wconf 88' lang='lat' dir='ltr'>ecclesie</span> <span class='ocrx_word' id='word_1_236' title='bbox 750 3380 856 3435; x_wconf 86' lang='lat' dir='ltr'>Sancte</span> <span class='ocrx_word' id='word_1_237' title='bbox 870 3379 961 3433; x_wconf 79' lang='lat' dir='ltr'>Maria</span> <span class='ocrx_word' id='word_1_238' title='bbox 973 3378 1010 3432; x_wconf 90' lang='lat' dir='ltr'>de</span> <span class='ocrx_word' id='word_1_239' title='bbox 1023 3380 1212 3449; x_wconf 82' lang='lat' dir='ltr'>cantebrigia.</span> 
     </span>
    </p>

    <p class='ocr_par' dir='ltr' id='par_1_37' title="bbox 334 3450 1047 3523">
     <span class='ocr_line' id='line_1_40' title="bbox 334 3450 1047 3523; baseline 0.003 -18"><span class='ocrx_word' id='word_1_240' title='bbox 334 3469 378 3523; x_wconf 60' lang='lat'>4}</span> <span class='ocrx_word' id='word_1_241' title='bbox 415 3450 689 3522; x_wconf 82' lang='lat' dir='ltr'>Vasconiaperdita.</span> <span class='ocrx_word' id='word_1_242' title='bbox 991 3486 1008 3495; x_wconf 44' lang='grc' dir='ltr'>ι-</span> <span class='ocrx_word' id='word_1_243' title='bbox 1045 3452 1047 3457; x_wconf 76' lang='grc'>’</span> 
     </span>
    </p>

    <p class='ocr_par' dir='ltr' id='par_1_38' title="bbox 335 3519 1237 3601">
     <span class='ocr_line' id='line_1_41' title="bbox 335 3519 1237 3601; baseline -0.009 -22"><span class='ocrx_word' id='word_1_244' title='bbox 335 3539 379 3593; x_wconf 79' lang='lat'>44</span> <span class='ocrx_word' id='word_1_245' title='bbox 418 3524 509 3578; x_wconf 88' lang='lat' dir='ltr'>Breue</span> <span class='ocrx_word' id='word_1_246' title='bbox 522 3522 610 3593; x_wconf 80' lang='lat' dir='ltr'>Regis</span> <span class='ocrx_word' id='word_1_247' title='bbox 621 3519 990 3601; x_wconf 71' lang='lat' dir='ltr'>pateusdeacquietancia</span> <span class='ocrx_word' id='word_1_248' title='bbox 1088 3590 1089 3593; x_wconf 7' lang='grc' dir='ltr'><strong>Ἴ</strong></span> <span class='ocrx_word' id='word_1_249' title='bbox 1234 3587 1237 3593; x_wconf 28' lang='lat'><strong><em>¹</em></strong></span> 
     </span>
    </p>

    <p class='ocr_par' dir='ltr' id='par_1_39' title="bbox 336 3590 1240 3667">
     <span class='ocr_line' id='line_1_42' title="bbox 336 3590 1240 3667; baseline -0.009 -17"><span class='ocrx_word' id='word_1_250' title='bbox 336 3609 393 3667; x_wconf 34' lang='lat'>45..</span> <span class='ocrx_word' id='word_1_251' title='bbox 418 3594 525 3649; x_wconf 89' lang='lat' dir='ltr'>Littera</span> <span class='ocrx_word' id='word_1_252' title='bbox 536 3602 695 3649; x_wconf 84' lang='lat' dir='ltr'>conuentus</span> <span class='ocrx_word' id='word_1_253' title='bbox 705 3608 844 3647; x_wconf 85' lang='lat' dir='ltr'>concessa</span> <span class='ocrx_word' id='word_1_254' title='bbox 856 3590 1021 3645; x_wconf 89' lang='lat' dir='ltr'>vicecomiti.</span> <span class='ocrx_word' id='word_1_255' title='bbox 1098 3608 1100 3614; x_wconf 39' lang='lat'>⁸</span> <span class='ocrx_word' id='word_1_256' title='bbox 1130 3624 1132 3627; x_wconf 94' lang='lat'>-</span> <span class='ocrx_word' id='word_1_257' title='bbox 1238 3610 1240 3613; x_wconf 95' lang='lat'>·</span> 
     </span>
    </p>

    <p class='ocr_par' dir='ltr' id='par_1_40' title="bbox 336 3660 1394 3735">
     <span class='ocr_line' id='line_1_43' title="bbox 336 3660 1394 3735; baseline -0.002 -14"><span class='ocrx_word' id='word_1_258' title='bbox 336 3669 380 3735; x_wconf 70' lang='grc'>46.</span> <span class='ocrx_word' id='word_1_259' title='bbox 417 3668 513 3721; x_wconf 87' lang='lat' dir='ltr'>Causa</span> <span class='ocrx_word' id='word_1_260' title='bbox 524 3680 612 3735; x_wconf 86' lang='lat' dir='ltr'>quare</span> <span class='ocrx_word' id='word_1_261' title='bbox 626 3665 730 3718; x_wconf 86' lang='lat' dir='ltr'>Rexse</span> <span class='ocrx_word' id='word_1_262' title='bbox 750 3661 816 3716; x_wconf 88' lang='lat' dir='ltr'>siuit</span> <span class='ocrx_word' id='word_1_263' title='bbox 828 3660 981 3730; x_wconf 88' lang='lat' dir='ltr'>prioratum</span> <span class='ocrx_word' id='word_1_264' title='bbox 995 3661 1030 3717; x_wconf 92' lang='lat' dir='ltr'>de</span> <span class='ocrx_word' id='word_1_265' title='bbox 1044 3663 1222 3719; x_wconf 86' lang='lat' dir='ltr'>Bemewelle.</span> <span class='ocrx_word' id='word_1_266' title='bbox 1319 3700 1322 3709; x_wconf 73' lang='lat'>.</span> <span class='ocrx_word' id='word_1_267' title='bbox 1392 3696 1394 3703; x_wconf 84' lang='lat'><em>·</em></span> 
     </span>
    </p>

    <p class='ocr_par' dir='ltr' id='par_1_41' title="bbox 337 3730 1310 3813">
     <span class='ocr_line' id='line_1_44' title="bbox 337 3730 1310 3813; baseline 0 -21"><span class='ocrx_word' id='word_1_268' title='bbox 337 3752 380 3807; x_wconf 83' lang='lat'>47.</span> <span class='ocrx_word' id='word_1_269' title='bbox 416 3734 622 3807; x_wconf 84' lang='lat' dir='ltr'>Aequietaucia</span> <span class='ocrx_word' id='word_1_270' title='bbox 633 3733 709 3789; x_wconf 85' lang='lat' dir='ltr'>lacta</span> <span class='ocrx_word' id='word_1_271' title='bbox 741 3732 838 3788; x_wconf 88' lang='lat' dir='ltr'>omino</span> <span class='ocrx_word' id='word_1_272' title='bbox 851 3730 996 3813; x_wconf 91' lang='lat' dir='ltr'>Episcopo</span> <span class='ocrx_word' id='word_1_273' title='bbox 1008 3734 1062 3788; x_wconf 87' lang='lat' dir='ltr'>sub</span> <span class='ocrx_word' id='word_1_274' title='bbox 1075 3734 1166 3803; x_wconf 78' lang='lat' dir='ltr'>sigillo</span> <span class='ocrx_word' id='word_1_275' title='bbox 1180 3735 1310 3806; x_wconf 84' lang='lat' dir='ltr'>Capituli.</span> 
     </span>
    </p>

    <p class='ocr_par' dir='ltr' id='par_1_42' title="bbox 254 3802 1448 3883">
     <span class='ocr_line' id='line_1_45' title="bbox 254 3802 1448 3883; baseline -0.003 -15"><span class='ocrx_word' id='word_1_276' title='bbox 254 3810 381 3883; x_wconf 64' lang='lat' dir='ltr'>tyb48.</span> <span class='ocrx_word' id='word_1_277' title='bbox 418 3810 464 3863; x_wconf 88' lang='lat' dir='ltr'>De</span> <span class='ocrx_word' id='word_1_278' title='bbox 484 3806 638 3862; x_wconf 86' lang='lat' dir='ltr'>medietate</span> <span class='ocrx_word' id='word_1_279' title='bbox 658 3806 798 3859; x_wconf 89' lang='lat' dir='ltr'>bonorum</span> <span class='ocrx_word' id='word_1_280' title='bbox 819 3802 1017 3874; x_wconf 81' lang='lat' dir='ltr'>temporalium</span> <span class='ocrx_word' id='word_1_281' title='bbox 1036 3815 1063 3859; x_wconf 92' lang='lat' dir='ltr'>et</span> <span class='ocrx_word' id='word_1_282' title='bbox 1083 3806 1269 3876; x_wconf 87' lang='lat' dir='ltr'>spiritualium</span> <span class='ocrx_word' id='word_1_283' title='bbox 1289 3818 1317 3864; x_wconf 87' lang='lat' dir='ltr'>et</span> <span class='ocrx_word' id='word_1_284' title='bbox 1337 3808 1448 3865; x_wconf 90' lang='lat' dir='ltr'>decii&#39;ria</span> 
     </span>
    </p>

    <p class='ocr_par' dir='ltr' id='par_1_43' title="bbox 342 3874 1040 3948">
     <span class='ocr_line' id='line_1_46' title="bbox 342 3874 1040 3948; baseline -0.007 -14"><span class='ocrx_word' id='word_1_285' title='bbox 342 3898 345 3903; x_wconf 93' lang='lat'>·</span> <span class='ocrx_word' id='word_1_286' title='bbox 478 3878 623 3948; x_wconf 86' lang='lat' dir='ltr'>laycorum</span> <span class='ocrx_word' id='word_1_287' title='bbox 641 3886 669 3931; x_wconf 92' lang='lat' dir='ltr'>et</span> <span class='ocrx_word' id='word_1_288' title='bbox 688 3885 768 3931; x_wconf 85' lang='lat' dir='ltr'>sexto</span> <span class='ocrx_word' id='word_1_289' title='bbox 786 3874 905 3929; x_wconf 89' lang='lat' dir='ltr'>denario</span> <span class='ocrx_word' id='word_1_290' title='bbox 923 3874 1040 3929; x_wconf 87' lang='lat' dir='ltr'>vibium.</span> 
     </span>
    </p>

    <p class='ocr_par' dir='ltr' id='par_1_44' title="bbox 337 3944 1421 4019">
     <span class='ocr_line' id='line_1_47' title="bbox 337 3944 1421 4019; baseline 0 -15"><span class='ocrx_word' id='word_1_291' title='bbox 337 3966 380 4019; x_wconf 65' lang='lat'>49</span> <span class='ocrx_word' id='word_1_292' title='bbox 420 3952 465 4004; x_wconf 91' lang='lat' dir='ltr'>De</span> <span class='ocrx_word' id='word_1_293' title='bbox 482 3948 705 4019; x_wconf 85' lang='lat' dir='ltr'>Archiepiscopo</span> <span class='ocrx_word' id='word_1_294' title='bbox 724 3944 922 4003; x_wconf 87' lang='lat' dir='ltr'>Cantuariensi</span> <span class='ocrx_word' id='word_1_295' title='bbox 941 3955 969 4000; x_wconf 90' lang='lat' dir='ltr'>et</span> <span class='ocrx_word' id='word_1_296' title='bbox 988 3946 1122 4013; x_wconf 84' lang='lat' dir='ltr'>gestis&#39;in</span> <span class='ocrx_word' id='word_1_297' title='bbox 1143 3946 1254 4004; x_wconf 87' lang='lat' dir='ltr'>Wallia.</span> <span class='ocrx_word' id='word_1_298' title='bbox 1418 4004 1421 4013; x_wconf 81' lang='grc'><strong>,</strong></span> 
     </span>
    </p>

    <p class='ocr_par' dir='ltr' id='par_1_45' title="bbox 339 4016 1368 4092">
     <span class='ocr_line' id='line_1_48' title="bbox 339 4016 1368 4092; baseline -0.01 -14"><span class='ocrx_word' id='word_1_299' title='bbox 339 4036 380 4092; x_wconf 72' lang='lat' dir='ltr'>soi</span> <span class='ocrx_word' id='word_1_300' title='bbox 418 4023 464 4077; x_wconf 85' lang='lat' dir='ltr'>De</span> <span class='ocrx_word' id='word_1_301' title='bbox 476 4021 600 4075; x_wconf 88' lang='lat' dir='ltr'>aduentu</span> <span class='ocrx_word' id='word_1_302' title='bbox 613 4020 734 4073; x_wconf 91' lang='lat' dir='ltr'>duorum</span> <span class='ocrx_word' id='word_1_303' title='bbox 746 4016 943 4086; x_wconf 83' lang='lat' dir='ltr'>legatorumin</span> <span class='ocrx_word' id='word_1_304' title='bbox 956 4016 1067 4086; x_wconf 83' lang='lat' dir='ltr'>Anglia.</span> <span class='ocrx_word' id='word_1_305' title='bbox 1365 4030 1368 4035; x_wconf 92' lang='lat'>·</span> 
     </span>
    </p>

    <p class='ocr_par' dir='ltr' id='par_1_46' title="bbox 338 4087 1057 4164">
     <span class='ocr_line' id='line_1_49' title="bbox 338 4087 1057 4164; baseline -0.01 -16"><span class='ocrx_word' id='word_1_306' title='bbox 338 4106 379 4164; x_wconf 82' lang='lat'>51.</span> <span class='ocrx_word' id='word_1_307' title='bbox 414 4090 620 4163; x_wconf 80' lang='lat' dir='ltr'>Aequietancia</span> <span class='ocrx_word' id='word_1_308' title='bbox 632 4089 668 4143; x_wconf 89' lang='lat' dir='ltr'>de</span> <span class='ocrx_word' id='word_1_309' title='bbox 679 4087 881 4159; x_wconf 87' lang='lat' dir='ltr'>procuracione</span> <span class='ocrx_word' id='word_1_310' title='bbox 893 4088 1057 4155; x_wconf 84' lang='lat' dir='ltr'>legatorum.</span> 
     </span>
    </p>

    <p class='ocr_par' dir='ltr' id='par_1_47' title="bbox 338 4158 1431 4236">
     <span class='ocr_line' id='line_1_50' title="bbox 338 4158 1431 4236; baseline -0.005 -16"><span class='ocrx_word' id='word_1_311' title='bbox 338 4178 379 4236; x_wconf 81' lang='lat'>52.</span> <span class='ocrx_word' id='word_1_312' title='bbox 418 4166 464 4219; x_wconf 87' lang='lat' dir='ltr'>De</span> <span class='ocrx_word' id='word_1_313' title='bbox 476 4162 621 4234; x_wconf 83' lang='lat' dir='ltr'>creacione</span> <span class='ocrx_word' id='word_1_314' title='bbox 633 4160 721 4229; x_wconf 85' lang='lat' dir='ltr'>Regis</span> <span class='ocrx_word' id='word_1_315' title='bbox 734 4159 835 4213; x_wconf 86' lang='lat' dir='ltr'>Scocie</span> <span class='ocrx_word' id='word_1_316' title='bbox 847 4167 875 4214; x_wconf 93' lang='lat' dir='ltr'>et</span> <span class='ocrx_word' id='word_1_317' title='bbox 888 4158 949 4212; x_wconf 87' lang='lat' dir='ltr'>eius</span> <span class='ocrx_word' id='word_1_318' title='bbox 961 4158 1170 4227; x_wconf 84' lang='lat' dir='ltr'>ingratitudine.</span> <span class='ocrx_word' id='word_1_319' title='bbox 1261 4166 1264 4173; x_wconf 89' lang='lat'>&#39;</span> <span class='ocrx_word' id='word_1_320' title='bbox 1348 4204 1361 4229; x_wconf 42' lang='grc'>.,</span> <span class='ocrx_word' id='word_1_321' title='bbox 1427 4222 1431 4232; x_wconf 22' lang='grc' dir='ltr'>ἱ</span> 
     </span>
    </p>
   </div>
   <div class='ocr_carea' id='block_1_4' title="bbox 0 0 1622 5059">
    <p class='ocr_par' dir='ltr' id='par_1_48' title="bbox 0 0 1622 5059">
     <span class='ocr_line' id='line_1_51' title="bbox 0 0 1622 5059; baseline 0 1"><span class='ocrx_word' id='word_1_322' title='bbox 0 0 1622 5059; x_wconf 95' lang='lat' dir='ltr'> </span> 
     </span>
    </p>
   </div>
  </div>
 </body>
</html>
