3234 5059
350 371 417 462 158
445 367 575 442 Housa
593 366 634 439 in
655 365 876 462 Cambn'dga
892 366 944 436 let
960 373 996 437 to
1014 364 1148 455 Henry
1165 363 1203 436 T
1198 364 1312 461 uyllet
1329 363 1449 463 [Boott

515 596 564 658 80.
609 592 775 657 Placitum
799 602 910 655 contra
932 590 1114 655 Hennbum
1142 591 1276 673 Tuyllat.

181 745 248 787 uow
412 729 577 792 Henricus
599 729 737 811 Tuyllet
755 729 797 792 de
821 728 1036 812 Cantebrigia
1055 729 1165 792 tenuit
1185 729 1357 811 quoddam
1381 750 1449 792 me-

179 795 294 836 william

180 844 292 950 iiiiii
344 833 496 916 suagium
510 833 572 916 [in]
587 833 802 915 cantebrigia
818 834 861 896 de
878 834 989 896 Priore
1005 833 1048 896 de
1065 833 1267 897 Bernewelle
1280 833 1451 897 reddendo

180 948 330 1048 22:2⁸:ss
345 935 422 998 inde
449 935 625 999 duodecim
657 934 811 998 denarios
838 955 897 1018 per
921 953 1054 997 annum.
1102 935 1261 997 Processu
1291 936 1450 1018 temporis

180 1047 305 1140 gfff„
344 1040 461 1104 videns
478 1041 667 1105 Willelmus
683 1041 820 1122 Tuyllet
835 1042 925 1123 quod
942 1040 1050 1104 dictus
1068 1039 1263 1122 H[enricus]
1279 1037 1451 1102 filiuseius

180 1147 316 1240 2352?er
345 1145 377 1207 in
414 1153 546 1208 tantum
580 1145 828 1228 depauperatus
862 1154 933 1208 erat
960 1145 1050 1226 quod
1082 1163 1148 1206 non
1183 1142 1369 1207 sufficiebat
1406 1145 1449 1206 ad

180 1249 272 1340 {51⁰3
344 1248 520 1313 domorum
549 1270 683 1314 suarum
712 1251 972 1332 reparacionem,
999 1248 1187 1330 sumptibus
1217 1247 1285 1311 suis
1309 1249 1450 1330 propriis

181 1350 317 1441 3223220
345 1351 422 1416 iecit
444 1354 563 1418 domos
581 1353 638 1418 filii
656 1355 705 1418 sui
724 1352 877 1437 reparari,
893 1355 966 1436 ipso
982 1352 1216 1416 nichilominus
1237 1350 1304 1415 filio
1320 1371 1452 1434 semper

180 1449 292 1492 ΝΜ·
344 1457 562 1536 inhabitante,
578 1469 611 1522 et
626 1467 752 1522 statum
770 1474 866 1521 suum
889 1477 955 1520 non
980 1467 1139 1520 mutante.
1185 1457 1449 1538 Verumptamen

344 1562 430 1625 inter
445 1572 555 1626 cetera
564 1563 711 1626 hostium
728 1563 851 1626 domus
862 1583 922 1645 per
937 1562 1027 1644 quod
1041 1560 1154 1625 balliui
1169 1561 1288 1624 Prioris
1298 1561 1451 1625 solebant

344 1666 467 1730 intrare
483 1668 526 1730 ad
543 1667 811 1752 distringendum
835 1688 896 1749 pro
915 1667 1047 1730 redditu
1065 1665 1183 1730 Prioris
1199 1666 1402 1748 obstupauit,
1417 1677 1451 1729 et

345 1791 476 1834 murum
498 1772 622 1836 ibidem
647 1771 733 1850 fecit,
749 1783 784 1836 et
804 1773 902 1835 iuxta
922 1772 1060 1834 domurn
1082 1769 1174 1834 illam
1195 1791 1294 1853 super
1315 1769 1450 1834 feodum

345 1873 492 1938 alienum
517 1885 632 1959 portas
663 1897 740 1941 suas
767 1876 854 1952 fecit,
879 1896 939 1958 per
967 1895 1051 1958 quas
1077 1874 1194 1938 habuit
1217 1877 1401 1958 ingressum
1417 1885 1451 1938 et

345 1999 525 2061 egressum.
571 1980 700 2044 Videns
721 2001 800 2062 ergo
824 1981 917 2044 Prior
939 1980 1030 2063 quod
1054 1999 1121 2042 non
1145 1980 1255 2063 potuit
1278 1981 1451 2062 peruenire

344 2084 387 2146 ad
419 2083 686 2166 distringendum
718 2083 854 2147 feodum
878 2104 975 2147 suum
1006 2105 1066 2166 pro
1093 2083 1224 2147 redditu
1256 2085 1313 2166 qui
1340 2084 1403 2147 sibi
1431 2105 1451 2147 a

346 2196 433 2250 retro
449 2197 520 2250 erat
537 2189 598 2250 nisi
616 2188 793 2250 transitum
810 2187 934 2251 iaceret
954 2209 1014 2272 per
1035 2187 1171 2252 feodum
1188 2187 1344 2263 alienum,
1359 2187 1449 2270 quod

346 2311 412 2355 non
430 2291 530 2368 licuit,
546 2293 739 2374 impetrauit
760 2292 862 2355 breue
883 2312 970 2356 noue
989 2292 1164 2355 disseisine
1184 2313 1284 2375 super
1303 2293 1446 2356 eundern

347 2393 540 2472 Henricum,
557 2403 618 2459 etc.

750 2551 799 2612 81.
844 2547 1045 2612 irrotultzcto.

181 2691 234 2756 stne
245 2692 314 2733 Prior
396 2685 504 2752 Assysa
516 2683 593 2738 uenit
606 2683 784 2752 recognitura
796 2685 820 2738 si
835 2685 977 2739 Henricus
989 2685 1101 2751 Tuyllet
1115 2685 1219 2740 iniuste
1230 2694 1283 2740 etc.
1296 2687 1450 2742 disseisiuit

181 2755 309 2836 limi„
346 2772 469 2826 Priorem
487 2771 522 2826 de
541 2772 710 2827 Bernewelle
729 2772 765 2825 de
783 2771 872 2826 libero
889 2781 1050 2825 tenemento
1069 2789 1121 2826 suo
1136 2771 1165 2826 in
1185 2773 1368 2843 cantebrigia
1386 2785 1450 2844 post

180 2844 305 2936 :naigffssn
344 2862 465 2930 primam
478 2859 740 2915 transfretationem
753 2867 805 2914 etc.
833 2859 871 2912 Et
881 2859 955 2913 vnde
968 2858 1093 2930 queritur
1102 2860 1178 2930 quod
1191 2859 1349 2914 disseisitus
1359 2873 1401 2917 est
1414 2862 1451 2916 de

181 2956 282 3046 ,rfflt
344 2947 495 3001 duodecim
513 2946 639 3014 denarijs
658 2944 889 3015 prouenientibus
908 2945 944 2998 de
962 2946 1085 3015 quodam
1104 2946 1250 3015 mesuagio
1266 2948 1342 3017 quod
1357 2948 1451 3018 posuit

182 3052 263 3106 coneo
345 3035 374 3086 in
401 3035 461 3087 visu
490 3050 548 3098 suo,
571 3031 611 3086 ita
635 3032 741 3087 scilicet
767 3032 845 3102 quod
868 3032 917 3086 ubi
941 3030 1109 3101 distringere
1132 3034 1224 3102 potuit
1248 3051 1299 3103 pro
1324 3035 1451 3105 predicto

182 3096 304 3140 w¹¹¹¹⁸¹¹¹'
345 3122 464 3188 redditu,
474 3139 539 3176 curn
549 3139 567 3176 a
578 3131 652 3176 retro
661 3121 750 3188 luerit,
761 3120 903 3189 predictus
913 3118 1079 3190 H[enricus]
1089 3121 1247 3190 predictum
1257 3131 1451 3177 tenementum

345 3211 469 3281 quodam
484 3225 565 3263 muro
583 3208 704 3274 inclusit,
717 3207 868 3279 quominus
884 3217 1077 3262 tenementum
1095 3207 1252 3278 predictum
1270 3227 1321 3279 pro
1340 3211 1451 3264 redditu

344 3297 471 3368 predicto
484 3297 653 3366 distringere
665 3305 757 3366 potest
770 3307 823 3350 etc.

399 3389 436 3441 Et
460 3386 601 3441 Henricus
621 3385 699 3439 uenit
717 3395 745 3439 et
765 3385 834 3440 dicit
855 3385 931 3454 quod
952 3385 1014 3454 ipse
1033 3385 1140 3439 nullam
1165 3385 1295 3440 iniuriam
1316 3385 1382 3441 iecit
1403 3399 1452 3442 aut

345 3475 532 3530 disseisinam.
593 3471 671 3527 Dicit
701 3471 778 3526 enim
808 3472 886 3542 quod
916 3473 1032 3543 quidam
1063 3473 1222 3526 Willelmus
1252 3483 1333 3543 pater
1363 3474 1451 3544 ipsius

347 3564 463 3620 Henrici
483 3563 562 3619 cuius
581 3563 663 3617 heres
683 3562 743 3632 ipse
762 3571 805 3615 est
825 3561 982 3631 predictum
1000 3573 1194 3617 tenementum
1212 3563 1289 3633 quod
1308 3564 1402 3633 posuit
1422 3564 1451 3632 in

345 3653 407 3706 visu
427 3669 478 3706 suo
498 3650 621 3717 inclusit,
641 3660 668 3704 et
688 3659 748 3704 toto
767 3658 895 3718 tempore
913 3667 964 3703 suo
985 3650 1125 3704 inclusum
1147 3651 1243 3704 tenuit.
1282 3653 1350 3706 Post
1371 3652 1451 3707 cuius

346 3748 465 3792 mortem
478 3737 539 3807 ipse
553 3735 689 3790 successit
697 3735 722 3789 ei
734 3734 762 3788 in
776 3735 877 3789 eodem
889 3746 920 3789 ut
930 3735 1004 3790 filius
1013 3737 1074 3790 eius
1083 3747 1112 3790 et
1121 3737 1210 3803 heres,
1220 3748 1248 3792 et
1259 3747 1451 3793 tenementum

346 3826 413 3881 iilud
429 3826 569 3880 inclusum
582 3823 698 3889 inuenit,
711 3833 739 3878 et
753 3833 859 3878 statum
872 3824 951 3878 illum
963 3825 1107 3894 bucusque
1119 3825 1313 3889 continuauit;
1331 3835 1359 3880 et
1376 3827 1452 3897 quod

345 3915 430 3970 aliam
444 3913 574 3968 iniuriam
588 3929 644 3966 non
658 3913 723 3967 iecit
736 3912 816 3982 ponit
829 3929 860 3966 se
873 3929 956 3983 super
968 3929 1104 3982 assysam.

397 4005 541 4072 juratores
552 4001 649 4056 dicunt
660 4018 743 4071 super
753 4012 963 4056 sacramentum
973 4018 1056 4057 suum
1066 4000 1141 4072 quod
1155 4001 1298 4072 predictus
1307 4002 1452 4058 Henricus

346 4109 403 4146 non
430 4092 542 4146 inclusit
567 4090 725 4161 predictum
747 4100 942 4145 tenementum
965 4090 1092 4159 predicto
1116 4106 1204 4143 muro.
1244 4089 1352 4144 Dicunt
1375 4092 1451 4146 enim

346 4180 423 4251 quod
448 4179 588 4248 predictus
613 4178 772 4232 Willehnus
797 4187 878 4247 pater
906 4177 995 4247 ipsius
1022 4176 1140 4232 Henrici
1165 4187 1357 4233 tenementum
1381 4179 1451 4234 illud

346 4269 468 4323 inclusit.

401 4357 438 4411 Et
457 4357 521 4412 ideo
539 4354 750 4410 consideratum
769 4361 813 4408 est
830 4353 908 4424 quod
924 4353 1069 4424 predictus
1088 4354 1169 4408 Prior
1186 4352 1273 4407 nichil
1291 4355 1386 4425 capiat
1401 4373 1452 4425 per

346 4462 473 4514 assysam
487 4446 579 4511 istam,
593 4443 643 4497 sed
658 4443 692 4498 sit
706 4442 735 4496 in
748 4442 942 4497 misericordia
954 4459 1005 4513 pro
1017 4443 1089 4497 falso
1102 4443 1225 4497 clamore
1237 4451 1290 4496 etc
