3234 5059
142 368 214 468 vn]
448 370 486 443 Τ
481 379 611 445 enanis
636 370 678 443 in
712 369 949 469 ngenlzall
1176 385 1245 461 317

142 554 306 637 Johannis
329 556 360 620 le
384 556 524 639 Draper,
546 556 710 639 Stephani
734 557 777 620 de
803 555 1020 632 Newenham,
1044 554 1183 619 Henrici
1206 555 1249 619 de

144 659 333 737 Wodhulle,
356 661 517 743 Symonis
544 661 576 725 le
600 660 787 738 Marchant,
811 658 950 723 Roberti
977 659 1008 723 le
1034 658 1249 737 Chaunceler,

142 764 307 846 Johannis
336 765 366 828 le
394 764 610 849 Charpenter,
642 764 775 828 Thome
804 764 836 828 le
867 765 1006 847 Draper,
1035 764 1175 827 Walteri
1206 764 1249 826 de

145 870 240 935 Dale.
297 871 418 935 Postea
448 872 540 936 venit
576 870 750 955 Philippus
780 871 823 933 de
859 869 1070 952 Scyrebume
1107 878 1141 932 et
1172 868 1249 932 iecit

146 972 249 1037 Priori
266 972 408 1056 Symoni
425 972 632 1049 fidelitatem,
648 982 683 1038 et
702 972 813 1037 reddit
833 993 892 1055 per
912 992 1036 1036 annum
1054 973 1108 1037 ix.
1124 971 1249 1035 solidos

144 1085 178 1141 et
196 1076 270 1159 .viij.
291 1076 455 1155 denarios,
474 1086 508 1141 et
528 1076 608 1141 inde
629 1075 707 1140 fecit
727 1076 888 1159 scriptum
910 1095 1036 1139 nouum
1057 1074 1167 1157 sigillo
1188 1095 1250 1137 suo

144 1182 323 1264 signatum.
369 1181 437 1247 Sed
465 1184 566 1248 ceteri
591 1192 746 1247 tenentes
772 1181 908 1245 soluunt
934 1191 1043 1245 totum
1072 1178 1249 1254 residuum,

144 1286 270 1351 scilicet
286 1286 407 1369 singuli
424 1308 485 1370 pro
500 1286 656 1371 porcione
671 1306 774 1369 quam
790 1295 907 1351 tenent
922 1286 965 1350 de
981 1287 1099 1350 eodem
1117 1284 1223 1349 feodo.

398 1640 448 1706 27.
492 1624 710 1709 [Wygmltale
729 1624 1001 1709 (Wrgrgenhalffl

212 1783 271 1865 Hij
302 1794 381 1848 sunt
410 1794 563 1853 tenentes
594 1784 715 1848 Prioris
742 1784 784 1849 de
812 1785 1015 1850 Bernewelle
1040 1786 1074 1848 in
1101 1784 1180 1849 villa
1206 1783 1250 1848 de

145 1888 374 1973 Wygenhale:

211 2017 329 2082 Abbas
358 2018 401 2083 de
429 2019 577 2083 Derham
604 2020 707 2085 debet
735 2041 794 2104 per
819 2041 945 2084 annum
972 2042 1067 2085 .xxx.
1094 2021 1250 2085 denarios

144 2144 206 2205 pro
220 2124 392 2188 sexdecim
408 2125 493 2188 acris
507 2132 593 2189 terre
608 2145 693 2209 quas
708 2134 800 2189 tenet
816 2125 849 2187 in
868 2124 1024 2207 Heydole
1039 2146 1105 2209 que
1117 2124 1249 2189 suerunt

145 2228 316 2311 quondam
341 2228 477 2293 Andree
506 2230 671 2312 Herneys‚
693 2240 727 2293 et
755 2229 944 2293 Willelmus
973 2229 1121 2293 Howard
1148 2228 1249 2293 debet

143 2332 195 2414 .vj.
211 2333 366 2397 denarios
386 2354 447 2416 pro
469 2334 641 2415 mesuagio
662 2334 811 2397 eiusdem
833 2332 922 2397 feodi
944 2342 978 2396 et
999 2332 1192 2415 homagium
1215 2343 1249 2395 et

144 2437 330 2520 scutagium
348 2458 424 2501 cum
440 2438 597 2501 euenerit.

213 2543 299 2606 Item
324 2542 486 2607 Katerina
500 2542 568 2606 filia
584 2541 685 2606 Alani
704 2543 747 2607 de
767 2543 903 2607 Fittone
923 2542 1025 2606 debet
1045 2562 1104 2625 per
1123 2561 1248 2606 annum

143 2668 182 2710 .v.
205 2646 359 2710 denarios
382 2667 443 2729 pro
464 2656 552 2711 terra
570 2647 656 2709 vltra
677 2666 799 2730 aquam
821 2667 887 2730 que
905 2646 990 2711 iacet
1012 2646 1109 2710 iuxta
1127 2655 1248 2710 terram

144 2750 307 2834 Johannis
324 2751 509 2816 Herebron.

213 2856 298 2920 Item
322 2857 489 2921 Henricus
514 2855 706 2939 capellanus
727 2856 829 2920 debet
851 2856 879 2938 .j.
902 2856 1075 2920 denarium
1098 2875 1159 2938 pro
1183 2859 1279 2920 νηοί
1297 2871 1341 2924 1⁷7

145 2961 317 3043 mesuagio
333 2962 429 3024 iuxta
445 2960 629 3044 predictam
646 2968 767 3023 terram
786 2958 956 3023 Katerine.

213 3064 298 3127 Item
322 3063 493 3146 Johannes
522 3063 721 3130 Herebrond
744 3064 846 3128 debet
872 3084 932 3147 per
951 3084 1075 3128 annum
1104 3063 1166 3145 .vij.
1193 3065 1250 3128 de-

146 3169 255 3232 narios
278 3189 339 3252 pro
360 3190 426 3233 vno
448 3168 620 3251 mesuagio
643 3169 740 3233 iuxta
764 3170 972 3251 mesuagium
996 3166 1109 3250 vicarij
1134 3167 1249 3233 Sancti

145 3272 312 3337 Germani.

212 3378 298 3442 Item
321 3377 462 3441 vicarius
490 3377 606 3443 Sancti
630 3378 789 3443 Germani
816 3377 918 3443 debet
942 3377 970 3460 .j.
993 3378 1167 3442 denarium
1191 3398 1252 3462 per

144 3503 269 3548 annum
287 3502 347 3565 pro
363 3484 535 3566 mesuagio
551 3504 612 3547 suo
629 3484 725 3548 iuxta
741 3484 925 3547 ecclesiam.

213 3586 298 3650 Item
316 3586 480 3650 Katerina
496 3585 668 3650 Germund
686 3585 795 3649 reddit
807 3606 868 3668 per
878 3605 1005 3649 annum
1018 3586 1085 3669 ,xij.
1097 3586 1251 3651 denarios

146 3711 205 3774 pro
221 3701 309 3755 terra
324 3709 390 3773 que
404 3699 456 3754 est
471 3690 515 3753 de
530 3689 629 3753 feodo
646 3689 767 3753 Prioris
782 3691 826 3754 de
842 3690 1036 3755 Westacre¹.

212 3795 296 3859 Item
320 3794 439 3858 eadem
461 3793 625 3858 Katerina
649 3794 758 3859 reddit
780 3816 840 3878 per
863 3815 988 3859 annum
1012 3795 1066 3877 iij.
1087 3796 1252 3871 denarios,

144 3908 178 3962 et
192 3897 364 3981 Johannes
379 3895 551 3961 Germund
569 3897 669 3963 frater
691 3900 762 3962 eius
782 3898 894 3963 reddit
916 3899 1000 3962 alios
1022 3900 1075 3981 iij.
1096 3901 1251 3963 denarios

144 4023 206 4086 pro
221 4012 308 4065 terra
322 4021 389 4083 que
404 4001 501 4066 Chun
518 4002 562 4065 de
578 4001 786 4066 Marbam¹...

212 4106 298 4170 Item
321 4106 492 4189 Johannes
516 4106 647 4188 Kewyn
671 4107 780 4171 reddit
803 4128 863 4191 per
885 4106 1169 4171 annum'obolum
1191 4130 1252 4192 pro

144 4222 233 4275 terra
247 4230 347 4292 quam
365 4210 554 4273 Willelmus
573 4210 721 4274 Howard
738 4210 840 4273 modo
857 4220 958 4274 tenet.

406 4357 414 4389 ¹
432 4358 502 4408 Wect
515 4374 580 4416 acra,
595 4360 667 4415 MS.;
684 4359 730 4407 but
741 4374 783 4407 see
795 4374 819 4423 p.
835 4360 892 4422 3¹⁸·

407 4438 418 4470 ²
434 4440 490 4491 The
502 4440 553 4491 line
564 4441 626 4491 ends
637 4442 756 4507 abruptly
766 4441 828 4492 with
840 4440 888 4492 this
900 4442 980 4493 word.
