3234 5059
352 334 421 406 130
570 310 647 384 Tne
672 309 776 407 Eyro
801 319 844 383 at
871 307 1101 405 Cambridge,
1137 326 1228 400 1272
1331 304 1453 404 [Boou

399 687 450 748 41.
498 666 740 751 Cyrograplznm
763 676 874 729 contra
906 663 1104 728 Willelmnm
1126 660 1165 724 dn
1186 654 1401 724 Dokcswrtln.

185 831 299 874 wmrm
310 831 338 873 οἱ
416 823 502 887 Item
530 824 572 887 de
599 820 770 886 Willelmo
797 820 841 884 de
868 816 1090 882 Dokeswrthe
1116 825 1151 879 et
1180 814 1249 876 suis
1279 807 1455 874 herodibus

186 883 281 976 31⁰th-
349 927 543 1010 homagium
569 947 629 1008 pro
653 924 801 1006 quodam
829 932 926 1006 prato
951 922 983 985 in
1007 920 1126 986 eadem
1149 917 1228 981 villa
1249 925 1284 979 et
1306 930 1454 979 annuum

351 1030 538 1094 redditum.
552 1051 648 1092 xxx
661 1027 882 1103 denariorum,
911 1026 1000 1089 vnde
1029 1021 1275 1106 cyrographum
1306 1016 1456 1082 similiter

350 1135 501 1200 leuaturt

488 1391 540 1456 42.
585 1375 636 1438 De
657 1371 805 1455 homagio
827 1370 968 1435 Domini
987 1369 1122 1434 Robcrti
1143 1367 1181 1432 dn
1202 1365 1325 1430 Insula

189 1551 225 1591 Ro
227 1549 319 1592 berta
419 1536 504 1600 Item
536 1535 579 1598 de
608 1535 747 1597 domino
779 1532 930 1597 Roberto
964 1531 1007 1594 de
1044 1529 1159 1593 Insula
1192 1526 1387 1610 homagium
1423 1534 1456 1588 et

188 1600 268 1642 m
352 1662 499 1706 annuum
524 1639 708 1704 redditum.
719 1639 770 1702 vi.
782 1638 964 1701 solidorum
986 1656 1047 1718 pro
1070 1645 1157 1699 terra
1177 1652 1279 1716 quam
1299 1641 1392 1697 tenet
1413 1630 1456 1694 de

352 1745 473 1809 nobis
464 1765 497 1808 m
516 1745 716 1826 Ramptone.

604 2016 654 2080 43.
703 1995 824 2062 Contra
856 1996 1054 2061 Willrlmnm
1077 1996 1208 2060 Seman.

188 2169 303 2212 warum
420 2151 506 2214 Item
537 2151 579 2214 de
610 2151 781 2216 Willelmo
813 2149 937 2216 Seman
968 2149 1011 2214 de
1042 2143 1458 2232 Cantebrigia.v.solidos

190 2221 291 2264 semum.
352 2255 434 2337 et.ij
447 2254 617 2318 .denarios
636 2256 737 2318 annui
758 2254 908 2318 redditus
929 2254 963 2317 in
984 2254 1102 2318 eadem
1124 2273 1184 2335 pro
1204 2251 1352 2334 quodam
1373 2269 1457 2312 mes-

353 2361 452 2443 uagio
467 2360 557 2443 quod
576 2358 652 2424 fuit*

627 2624 679 2684 44.
727 2603 848 2669 Contra
870 2603 1062 2667 Mr'clroelem
1086 2602 1189 2685 Pylet

191 2787 227 2828 ιιι
229 2786 290 2830 en.
292 2787 299 2827 ι
421 2763 507 2827 Item
528 2764 571 2827 de
588 2762 753 2826 MIchaeIe
775 2761 873 2843 Pylet
894 2781 996 2824 unum
1019 2759 1226 2841 mesuagium
1242 2780 1287 2822 ex
1303 2760 1459 2844 opposito

191 2837 272 2888 pm
354 2866 483 2950 gardini
505 2866 680 2949 hospitalis
702 2866 807 2929 sancti
830 2863 1021 2948 [Johannis]
1042 2884 1101 2946 per
1123 2863 1288 2926 uenellam
1313 2865 1458 2927 mediam

355 2991 458 3053 prope
474 2971 589 3052 ripam.

607 3205 658 3271 45
706 3190 827 3256 Contra
849 3190 1071 3274 Reginoldum
1093 3190 1202 3253 Burel.

192 3365 288 3458 3332..
274 3365 315 3407 ιι
424 3349 508 3413 Item
536 3359 652 3412 contra
680 3349 904 3432 Reginaldum
933 3349 1031 3412 Burel
1058 3348 1101 3411 de
1132 3347 1378 3430 Scheperethe
1392 3348 1461 3410 xii

356 3453 510 3516 denarios
526 3473 628 3516 annui
619 3452 819 3516 '’redditus
810 3472 843 3515 m
859 3451 976 3515 eadem
993 3471 1069 3514 cum
1085 3459 1146 3515 etc.

595 3689 645 3768 46.
692 3686 815 3753 Contra
846 3687 1021 3752 Warinnm
1042 3687 1222 3752 anille

426 3853 509 3914 Item
540 3859 657 3913 contra
686 3849 859 3914 Warinum
892 3851 1064 3915 Merueille
1093 3850 1137 3914 de
1175 3851 1381 3915 Barentone.
1392 3849 1461 3932 xij.

294 3928 510 4022 denarios
526 3976 627 4018 annui
620 3954 819 4019 ''redditus
810 3976 843 4019 m
856 3956 974 4019 eadem
991 3956 1082 4020 curIa
1098 3965 1158 4020 etc.

407 4186 415 4218 ¹
434 4187 495 4238 Foet
506 4185 534 4238 oi
545 4187 628 4245 Fines,
640 4187 704 4239 Cuse
717 4201 756 4250 25.
770 4187 826 4238 File
837 4203 878 4253 33.
891 4187 943 4236 No.
957 4205 980 4248 4.

405 4267 416 4299 ²
432 4269 488 4320 The
498 4279 615 4321 sentence
627 4270 647 4320 Is
657 4271 807 4324 unfinished.
841 4271 897 4325 The
908 4270 989 4324 scribe
999 4271 1046 4321 has
1056 4268 1185 4334 evidently
1194 4269 1320 4334 torgotten
1333 4268 1377 4319 the
1387 4285 1463 4320 name

357 4350 386 4404 of
394 4367 463 4402 some
474 4353 591 4421 previous
601 4369 694 4406 owner.
