3234 5059
188 333 219 433 1]
575 334 749 409 Furtlzer
767 344 908 433 grunls
1249 356 1295 428 45

241 521 441 577 Concessimus
450 521 542 578 eciam
552 522 593 577 eis
603 523 675 579 duas
685 532 780 593 partes
790 522 965 579 decimarum
975 524 1012 579 de
1021 524 1152 579 omnibus
1165 522 1299 592 dominijs

187 609 326 665 iamdicti
342 609 447 679 Pagani
465 622 493 665 et
509 610 636 665 omnium
653 611 858 682 pertinencium
871 614 907 667 ad
924 612 1071 667 baroniam
1089 613 1125 668 de
1139 614 1252 667 Brunne
1268 612 1298 666 in

188 696 295 753 diocesi
319 710 424 753 nostra.
471 699 629 754 Habendas
653 710 681 755 et
706 701 845 755 tenendas
869 702 964 769 libere,
987 700 1090 772 quiete,
1117 700 1243 771 pacifice,
1269 700 1299 753 in

188 786 306 839 liberam
330 796 359 841 et
383 802 482 855 puram
505 797 532 840 et
554 797 719 857 perpetuam
741 788 934 855 elemosinam,
957 788 1112 844 secundum
1134 787 1211 858 quod
1232 803 1298 842 con·

188 873 293 928 tinetur
321 874 349 926 in
379 883 458 927 carta
485 873 694 944 predecessoris
724 873 813 929 nostri
842 876 880 929 ad
904 875 1005 930 domus
1030 892 1080 931 sue
1104 884 1134 930 et
1162 872 1218 929 illic
1243 874 1298 928 deo

189 958 377 1013 seruiencium
395 969 560 1030 perpetuam
579 960 826 1017 sustentaciouem.

243 1046 449 1102 Confirmamus
459 1048 550 1102 eciam
559 1048 637 1104 eiset
649 1050 864 1104 corroboramus
874 1067 973 1105 ornnes
984 1050 1054 1104 alias
1064 1048 1258 1120 possessiones
1270 1055 1298 1102 et
1312 1060 1365 1102 ‘rue
1387 1060 1463 1101 oene-

189 1134 361 1190 donaciones
378 1148 407 1192 et
424 1136 593 1191 elemosinas
610 1154 628 1191 a
643 1154 822 1209 quocumque
835 1138 889 1192 sibi
906 1137 1003 1204 lactas,
1018 1139 1175 1192 relaxantes
1193 1138 1234 1191 eis
1251 1136 1298 1207 qui
1312 1110 1438 1212 &2¹⁰

189 1223 331 1279 iamdictis
347 1224 501 1279 Canonicis
513 1237 541 1279 et
558 1226 686 1282 Ecclesie
703 1243 753 1281 sue
771 1226 879 1298 aliquid
897 1228 964 1281 boni
983 1226 1108 1291 fecerint,
1121 1226 1166 1281 .xl.
1186 1225 1246 1280 dies
1262 1224 1299 1279 de
1312 1212 1346 1304 ἓξ
1356 1210 1443 1313 ggii}

189 1309 316 1365 iniuncta
327 1310 383 1365 sibi
396 1312 553 1381 penitentia
565 1313 720 1367 secundum
738 1314 816 1385 quod
833 1322 911 1369 carta
928 1312 1096 1369 uenerabilis
1110 1312 1198 1381 patris
1209 1312 1299 1366 nostri

188 1396 362 1470 W[illelmi]¹
376 1399 590 1456 Cantuariensis
603 1400 816 1473 Arcbiepiscopi
829 1411 956 1457 testatur.

244 1487 293 1557 Hij
307 1498 372 1542 sunt
385 1497 473 1543 testes
485 1497 538 1543 etc.

324 1646 371 1709 16.
418 1645 522 1712 Carta
544 1645 673 1710 domini
692 1644 821 1729 Nigelli
841 1643 993 1727 Elyensis
1014 1646 1169 1728 prcopi.

244 1780 390 1851 Nigellus¹
409 1782 455 1836 dei
479 1781 571 1852 gratia
594 1779 726 1851 Elyensis
748 1780 910 1851 Episcopus
933 1780 1064 1835 omnibus
1084 1790 1181 1835 sancte
1203 1780 1300 1835 matris
1315 1794 1398 1885 uiget,
1416 1794 1462 1845 Bp.

190 1868 318 1923 Ecclesie
339 1867 406 1938 filijs
430 1878 458 1922 et
482 1867 612 1923 fidelibus
637 1868 758 1923 salutem
782 1879 811 1922 et
834 1868 882 1922 dei
907 1867 1134 1921 benedictionem
1158 1878 1186 1921 et
1210 1882 1300 1921 suam.
1313 1844 1463 1937 ffiffifn'

190 1955 380 2011 Concedimus
396 1966 424 2010 et
437 1956 639 2009 confirmamus
656 1965 684 2009 et
696 1954 751 2008 bac
768 1964 848 2009 carta
860 1964 957 2009 nostra
973 1955 1188 2009 corroboramus
1201 1970 1300 2009 omnes
1313 1946 1433 2045 {23¹3ss

188 2043 357 2098 elemosinas
374 2053 403 2097 et
419 2043 593 2098 donaciones
609 2052 637 2097 et
650 2042 845 2111 possessiones
864 2042 1074 2097 canonicorum
1092 2041 1190 2097 Sancti
1205 2041 1299 2111 Egidij
1312 2045 1464 2136 {uecflnons

188 2149 207 2185 a
223 2147 401 2201 quocumque
417 2131 470 2185 sibi
488 2130 592 2185 datas⁸.
639 2131 666 2185 N
670 2129 851 2185 ichilominus
862 2140 959 2184 autem
973 2130 1155 2184 concedimus
1168 2129 1300 2183 omnibus
1313 2106 1452 2187 niei'erm'

188 2217 294 2288 aliquid
305 2217 432 2287 beneficij
443 2218 484 2273 eis
494 2216 733 2287 impercientibus,
741 2217 785 2271 uel
793 2233 843 2269 eos
854 2226 881 2270 et
891 2233 988 2271 eorum
998 2233 1043 2271 res
1053 2217 1300 2271 manutenentibus
1314 2194 1394 2237 Μ’

188 2316 217 2361 et
237 2305 459 2372 consulentibus,
479 2315 589 2375 partem
611 2315 639 2359 et
660 2304 866 2359 fraternitatem
888 2305 1016 2359 omnium
1038 2304 1249 2359 benefactorum
1271 2313 1300 2358 et

187 2394 352 2450 oracionum
365 2403 523 2447 conuentus
534 2392 653 2447 ecclesie
665 2401 760 2445 nostre
769 2400 798 2445 et
812 2399 979 2458 nostrarum,
992 2402 1028 2457 et,
1038 2392 1115 2462 quod
1128 2390 1237 2447 maius*
1247 2400 1299 2459 est,

187 2486 225 2540 ab
237 2483 365 2538 omnium
378 2483 518 2535 bonorum
530 2480 699 2535 retributore
711 2478 931 2535 retribucionem
944 2480 1093 2549 accipiant.
1120 2482 1149 2535 Si
1160 2479 1223 2551 quis
1233 2496 1300 2535 uero

188 2570 296 2641 aliquid
314 2570 526 2640 possessionum
545 2569 590 2622 uel
608 2567 780 2637 dignitatum
799 2567 845 2622 uel
861 2568 1024 2621 libertatum
1042 2584 1156 2622 suarum
1175 2568 1300 2622 minuere

187 2661 235 2715 uel
247 2660 386 2730 surripere
403 2657 613 2729 presumpserit,
627 2657 726 2711 diuino
742 2656 888 2711 subiaceat
905 2654 1018 2722 iudicio,
1031 2656 1123 2711 donec
1140 2655 1300 2725 penitencia

189 2747 292 2802 ductus
303 2746 381 2818 quod
394 2762 493 2800 uersus
505 2762 554 2799 eos
567 2744 717 2816 deliquerit
729 2744 931 2799 emendauerit.
969 2744 1077 2799 Valete.

278 2925 324 2992 17.
371 2909 474 2976 Carta
502 2910 533 2975 Τ
529 2910 678 2974 heobaldi
701 2910 950 2978 Cantuart‘ensis
972 2910 1214 2993 Archiepiscopi.
1313 2920 1401 2983 t14b

243 3043 443 3101 Tbeobaldus⁶
454 3044 501 3100 dei
514 3044 611 3114 gracia
628 3045 841 3101 Cantuariensis
853 3044 1091 3115 Archiepiscopus
1105 3045 1195 3098 tocius
1207 3046 1300 3114 anglie
1314 3058 1336 3099 Α
1345 3058 1442 3100 similar

189 3135 296 3205 primas
312 3132 444 3187 omnibus
462 3140 560 3187 sancte
578 3132 696 3187 ecclesie
714 3132 779 3201 filijs
798 3142 826 3187 et
846 3131 976 3187 fidelibus
994 3132 1121 3187 salutem.
1161 3134 1300 3188 Nouerint
1313 3108 1447 3199 mmm

188 3232 249 3278 tam
266 3230 412 3293 presentes
428 3234 514 3290 quam
532 3218 616 3272 futuri
633 3219 769 3290 quoniam
787 3235 886 3274 omnes
903 3219 1099 3288 possessiones
1116 3236 1187 3290 quas
1204 3219 1301 3275 famuli
1314 3208 1449 3310 ἶζζῗξῗὰν

190 3310 297 3367 Christi
308 3306 438 3363 canonici
451 3306 594 3376 regulares
603 3308 695 3361 sandi
705 3307 800 3378 Egidij
812 3307 847 3361 de
859 3309 1029 3363 Bemewelle
1040 3308 1112 3363 iuste
1125 3319 1152 3364 et
1164 3310 1300 3363 canonice
1314 3309 1417 3400 panur-

189 3398 337 3470 possident
355 3396 399 3451 uel
418 3412 490 3465 quas
508 3395 539 3448 in
557 3394 656 3449 suturis
675 3394 849 3464 temporibus
868 3396 1003 3450 canonice
1023 3395 1140 3467 adipisci
1161 3407 1300 3467 poterunt,
1332 3370 1389 3409 ω’

188 3483 298 3539 tamin
318 3482 446 3551 ecclesiJs
466 3498 552 3554 quam
572 3479 601 3535 in
622 3478 685 3549 alijs
705 3480 886 3536 facultatibus
907 3480 1080 3536 decimarum
1101 3482 1162 3537 siue
1182 3482 1300 3537 aliarum

189 3589 291 3641 rerum,
305 3590 354 3628 seu
374 3572 533 3627 donatione
551 3586 658 3639 regum,
676 3587 726 3625 seu
744 3569 899 3640 largicione
917 3570 1084 3641 principum,
1102 3588 1152 3625 seu
1170 3571 1300 3625 aliorum·

189 3678 310 3732 cumque
319 3660 469 3715 oblacione
478 3659 613 3726 fidelium,
623 3658 824 3714 confirmamus
833 3658 874 3713 eis
885 3668 913 3713 et
923 3657 1089 3713 auctoritate
1099 3668 1128 3713 et
1140 3658 1301 3713 testimonio

187 3750 344 3805 litterarum
357 3759 517 3804 nostrarum
531 3764 566 3802 ea
578 3748 793 3803 corroboramus
809 3748 887 3802 iuxta
899 3746 976 3818 quod
991 3747 1020 3799 in
1033 3746 1180 3816 priuilegio
1194 3746 1300 3801 domini

187 3854 262 3910 pape
286 3835 380 3907 Lucij⁶
401 3847 430 3890 et
452 3834 480 3889 in
503 3844 582 3889 carta
604 3834 774 3889 venerabilis
793 3833 885 3889 fratris
905 3835 993 3888 nostri
1018 3832 1146 3905 N[igelli]
1169 3834 1301 3904 Elyensis

189 3925 325 3997 Episcopi
338 3924 504 3979 continetur.
544 3921 718 3992 Precipimus
730 3937 798 3989 ergo
811 3921 888 3993 quod
901 3920 987 3977 libere
1000 3930 1029 3975 ct
1041 3920 1134 3992 quiete
1147 3922 1216 3975 etin
1230 3938 1301 3993 pace

252 4048 261 4080 ¹
278 4047 392 4097 william
403 4046 432 4096 of
440 4045 568 4102 Corbeuil,
580 4044 642 4109 Abp
653 4043 682 4093 os
690 4044 856 4109 Canterbury‚
873 4042 1032 4108 1123-1136
1046 4041 1080 4107 (d.
1096 4058 1125 4093 ar
1140 4043 1227 4109 Nou).

253 4128 264 4161 ¹
281 4132 321 4196 Bp
332 4130 362 4180 os
370 4130 427 4194 Ely,
445 4126 606 4193 1133-1169
617 4127 654 4188 (d.
667 4142 699 4190 3⁰
712 4127 792 4190 May).

252 4210 265 4243 ⁸
279 4212 354 4270 datis,
367 4212 427 4262 MS.
687 4206 699 4238 ⁴
713 4208 803 4264 inanis,
817 4208 873 4259 MS.

251 4294 263 4326 ⁸
280 4296 341 4359 Abp
351 4293 555 4356 olCanterbury,
573 4289 780 4357 1139-1161(d.
798 4292 828 4341 18
840 4292 923 4358 Apu).

253 4378 265 4412 ⁸
281 4380 358 4445 Pope‚
374 4395 402 4429 ta
415 4378 481 4428 Mar.
498 4376 702 4440 1144-45Feb.
717 4391 789 4439 ¹¹⁴5·
