3234 5059
165 338 227 439 111]
465 344 514 439 ff
528 344 679 417 Burton
706 344 747 417 z'n
773 345 953 419 Kesteven
1202 372 1269 441 113

341 541 391 588 22.
436 526 547 589 Aliud
564 527 659 591 breue
678 528 758 611 quia
779 550 893 610 assysa
916 552 978 595 non
1001 532 1097 595 uenit.

217 662 392 717 Eadwardus
402 663 447 718 dei
457 664 553 733 gracia
561 674 613 719 etc.
627 664 785 720 vicecomiti
797 666 924 723 Lincoln.
945 668 1072 722 salutem.
1097 668 1270 736 Precipimus
1284 678 1306 719 Α
1315 677 1406 739 second

163 750 214 805 tibi
227 752 303 822 quod
318 752 426 807 habeas
443 769 538 808 coram
555 754 724 824 Justiciariis
741 755 846 809 nostris
863 755 938 825 apud
953 756 1236 811 westmonasterium
1253 774 1271 811 a
1284 726 1434 820 menneo

163 838 209 892 die
227 840 331 895 Sancte
347 840 493 897 Trinitatis
505 843 535 897 in
548 852 605 897 tres
622 842 796 913 septimanas
814 860 933 913 corpora
944 845 1079 899 willelmi
1096 844 1133 899 de
1146 845 1272 899 Coleuile
1283 827 1399 930 (fflm

164 927 199 980 de
219 928 401 995 Swynestede
420 929 524 996 militis,
543 930 679 985 willelmi
699 932 733 986 de
753 932 879 987 Coleuile
898 934 934 987 de
954 932 1115 1001 Makeseye,
1132 933 1270 1003 Johannis
1285 928 1350 979 ¹²⁸⁸)-

163 1015 199 1069 de
222 1016 324 1084 Corby,
346 1016 481 1072 willelmi
506 1018 542 1072 de
564 1020 701 1089 Castorpe
725 1020 762 1075 de
788 1020 927 1089 Billisiud,
953 1022 1055 1089 Rogeri
1082 1021 1210 1090 Palelrey
1234 1020 1271 1075 de

164 1104 281 1170 Estone,
303 1105 414 1160 Thome
439 1105 487 1176 filij
514 1107 646 1162 Nicholai
671 1109 707 1163 de
731 1110 848 1177 Estone‚
873 1108 989 1162 Roberti
1011 1108 1047 1162 de
1073 1109 1213 1177 Billesgey
1234 1108 1271 1163 de

166 1192 300 1259 Nomine,
326 1194 387 1263 Joci
411 1193 459 1263 filij
488 1197 618 1251 Oseberti
644 1197 680 1253 de
706 1197 892 1265 Stilyngtone,
916 1206 945 1251 et
970 1196 1041 1251 alios
1066 1195 1271 1266 recognitores¹

164 1296 262 1349 assyse
286 1281 383 1335 vltime
407 1284 629 1353 presentacionis
657 1301 742 1356 quam
769 1284 848 1338 Prior
875 1284 911 1338 de
938 1285 1107 1340 Bemewelle
1136 1285 1165 1339 in
1194 1286 1271 1339 curia

164 1379 262 1424 nostra
282 1388 379 1425 coram
396 1370 561 1441 justiciariis
580 1373 685 1427 nostris
708 1373 784 1443 apud
802 1373 1087 1429 westmonasterium
1107 1375 1271 1429 arramiauit

163 1475 260 1512 versus
286 1460 441 1513 Robertum
466 1461 502 1515 de
527 1461 750 1517 Brakeneberwe
774 1471 802 1516 et
832 1462 998 1531 magistrum
1025 1462 1208 1532 Radulphum
1235 1462 1272 1516 de

164 1546 308 1615 wykham
325 1547 361 1602 de
378 1548 497 1603 ccclesia
512 1548 548 1602 de
566 1551 690 1617 Byrtone
709 1550 737 1604 in
756 1551 917 1606 Kesteuene
934 1567 989 1620 que
1007 1561 1098 1617 vacat,
1112 1560 1142 1605 ut
1160 1550 1270 1616 dieitur,

163 1634 202 1691 ad
225 1635 385 1690 faciendam
409 1652 539 1705 assysam
563 1637 641 1691 illam
666 1647 694 1692 et
716 1638 754 1693 ad
775 1638 949 1694 audiendum
974 1638 1110 1693 iudicium
1132 1654 1214 1691 suum
1236 1637 1272 1691 de

163 1724 289 1795 pluribus
308 1726 427 1781 defaltis.

218 1814 391 1885 Precipimus
410 1816 502 1871 eciam
523 1816 573 1871 tibi
594 1817 670 1887 quod
692 1826 734 1871 tot
754 1826 782 1871 et
803 1818 875 1871 tales
896 1826 956 1871 tam
974 1815 1077 1870 milites
1096 1830 1182 1885 quam
1200 1813 1272 1869 alios

163 1902 267 1957 liberos
284 1911 311 1956 et
328 1904 434 1973 legales
447 1905 577 1959 homines
594 1904 629 1959 de
642 1905 752 1959 visneto
768 1905 896 1975 predicto
909 1905 938 1958 in
957 1904 1077 1958 iuratam
1090 1903 1168 1958 illam
1181 1918 1271 1973 ponas

163 2000 192 2045 et
210 1990 273 2046 illos
291 1991 399 2047 habeas
416 2009 511 2048 coram
528 1994 696 2063 Justiciariis
714 1995 818 2049 nostris
836 1994 913 2064 apud
929 1991 1215 2047 westmonasterium
1234 1989 1272 2044 ad

163 2078 302 2147 prelatum
319 2081 470 2137 terminum
488 2082 525 2136 ad
541 2082 701 2137 faciendam
718 2099 847 2152 assysam
865 2082 950 2148 illam,
964 2084 1004 2135 ita
1020 2080 1096 2151 quod
1110 2095 1209 2148 assysa
1223 2077 1271 2131 illa

165 2165 201 2219 ad
214 2166 290 2222 diem
306 2168 386 2222 illum
404 2186 462 2224 non
480 2179 626 2225 remaneat
644 2169 785 2239 capienda
801 2187 852 2239 pro
870 2170 981 2225 defectu
1001 2164 1231 2237 recognitomm¹‚
1243 2174 1271 2219 et

164 2251 271 2307 habeas
293 2255 333 2309 ibi
354 2256 471 2311 nomina
489 2271 587 2311 eorum
609 2273 680 2326 quos
702 2256 738 2310 de
759 2274 835 2312 nouo
856 2256 1031 2326 apposueris,
1050 2262 1079 2308 et
1100 2254 1155 2307 hoc
1176 2253 1270 2307 breue.

164 2341 251 2395 Teste
268 2342 301 2395 R.
315 2343 352 2397 de
369 2344 519 2412 Laycestre
535 2343 611 2414 apud
628 2343 913 2400 Westmonasterium
927 2362 995 2399 .xxx.
1010 2343 1056 2397 die
1073 2340 1148 2410 maij.
1187 2342 1271 2394 Anno

164 2430 243 2499 regni
255 2430 344 2485 nostri
356 2430 421 2499 xvjv.

340 2595 388 2659 23.
432 2578 546 2643 Aliud
563 2579 656 2645 breue
677 2580 755 2664 quia
777 2602 890 2661 assysa
912 2601 976 2644 non
999 2578 1096 2643 uenit.

219 2712 401 2786 E[dwardus]
418 2715 463 2771 dei
483 2717 579 2785 gracia
597 2726 649 2771 etc.
666 2717 822 2772 vicecomiti
841 2716 967 2773 Lincoln.
984 2716 1111 2769 salutem.
1150 2710 1270 2781 Precipi-
1284 2706 1390 2798 migr

165 2819 230 2856 mus
251 2803 302 2857 tibi
321 2804 394 2859 sicut
412 2804 482 2858 alias
500 2804 551 2860 tibi
570 2806 747 2877 precepimus
765 2806 841 2877 quod
859 2806 966 2861 habeas
988 2820 1084 2859 coram
1104 2798 1271 2871 Justiciarijs
1284 2807 1406 2849 the-nme

165 2890 269 2945 nostris
291 2892 367 2961 apud
387 2892 673 2949 westmonasterium
695 2911 712 2947 a
736 2892 782 2948 die
805 2893 903 2948 Sancti
925 2889 1064 2961 Johannis
1091 2887 1218 2959 Baptiste
1242 2886 1271 2939 in
1285 2868 1390 2949 ffiiffi‘
1404 2918 1435 2949 ne

165 2996 217 3031 .xv.
230 2978 291 3033 dies
308 2995 426 3049 corpora
438 2980 573 3035 willelmi
590 2982 626 3036 de
643 2981 768 3036 Coleuile
784 2981 820 3035 de
834 2979 1022 3049 Swynestede,
1038 2986 1065 3031 et
1085 2986 1126 3031 tot
1138 2972 1273 3031 aliorum²
1286 2958 1314 3049 ξιξ
1339 2968 1435 3049 24⁶0„

165 3065 389 3135 recognitorum³
418 3084 516 3137 assyse
546 3068 593 3123 ille
625 3068 721 3123 vltime
749 3067 971 3137 presentacionis
1003 3080 1089 3135 quam
1126 3062 1205 3117 Prior
1237 3062 1273 3116 de
1285 3056 1439 3150 &afflig

167 3153 336 3208 Bemewelle
360 3154 389 3207 in
414 3155 492 3209 curia
517 3165 613 3211 nostra
642 3172 738 3210 coram
758 3154 923 3226 justiciarijs
949 3154 1052 3209 nostris
1080 3152 1155 3223 apud
1180 3153 1273 3205 west·
1287 3158 1405 3248 naonotd

166 3241 367 3294 monasterium
384 3242 546 3298 arramiauit
560 3259 657 3297 versus
671 3243 827 3297 Robertum
845 3243 881 3296 de
895 3240 1116 3296 Brakeneberwe
1130 3249 1157 3294 et
1171 3237 1273 3308 magis·
1286 3213 1429 3300 iiiiiiiner

165 3336 240 3381 trum
259 3328 440 3398 Radulphum
459 3330 495 3385 de
512 3330 656 3398 wykham
675 3329 711 3384 de
730 3329 850 3385 ecclesia
868 3330 904 3383 de
925 3330 1048 3397 Byrtone
1066 3329 1093 3381 in
1115 3328 1274 3381 Kesteuene
1286 3310 1366 3351 m·

165 3431 220 3484 que
238 3425 328 3482 vacat,
347 3425 376 3469 vt
396 3416 503 3485 dicitur,
523 3418 561 3471 ad
580 3416 740 3472 faciendam
759 3434 886 3485 assysam
906 3416 985 3470 illam
1003 3425 1030 3469 et
1047 3415 1084 3468 ad
1101 3414 1273 3469 audiendum

166 3502 300 3557 iudicium
314 3522 396 3559 suum
409 3506 445 3561 de
458 3507 583 3576 pluribus
598 3507 717 3562 defaltis

220 3594 395 3663 Precipimus
408 3595 500 3650 eciam
512 3596 564 3651 tibi
582 3597 654 3651 sicut
670 3597 741 3652 alias
753 3596 932 3667 precepimus
944 3594 1020 3665 quod
1037 3602 1078 3647 tot
1090 3602 1119 3647 et
1132 3592 1202 3646 tales
1215 3601 1275 3646 tam

165 3679 268 3735 milites
287 3699 373 3753 quam
391 3683 462 3738 alios
480 3684 585 3739 liberos
602 3685 731 3740 homines
750 3696 778 3738 et
795 3685 902 3753 legales
920 3684 957 3737 de
975 3683 1085 3735 visneto
1102 3679 1229 3751 predicto
1245 3678 1274 3733 in

165 3784 294 3835 assysam
308 3769 385 3823 illam
398 3787 487 3839 ponas
505 3781 532 3827 et
546 3772 608 3827 illos
625 3773 732 3827 habeas
745 3789 841 3827 coram
860 3770 976 3841 prelatis
989 3766 1158 3839 Justiciarijs
1171 3765 1275 3820 nostris

165 3854 241 3925 apud
254 3857 541 3913 westmonasterium
554 3860 591 3913 ad
604 3860 743 3930 prefatum
755 3859 908 3914 terminum
924 3858 961 3911 ad
973 3855 1133 3911 faciendam
1146 3870 1275 3921 assysam

165 3936 252 4005 illam,
266 3939 306 3994 ita
318 3939 396 4009 quod
411 3957 511 4010 assysa
528 3943 574 3997 illa
595 3959 652 3996 non
673 3952 818 3997 remaneat
837 3942 977 4011 capienda
993 3939 1031 3996 ad
1044 3938 1118 4004 diem
1133 3937 1211 3991 illum
1224 3953 1276 4006 pro

164 4022 276 4079 defectu
288 4026 504 4095 recognitorum,
515 4038 543 4083 et
556 4030 629 4084 scias
642 4030 718 4099 quod
731 4030 902 4082 amerciatus
914 4044 946 4081 es
959 4026 996 4079 ad
1009 4044 1042 4079 uc
1056 4024 1142 4077 libras
1155 4022 1276 4093 eoquod

164 4120 328 4180 preceptum
340 4122 467 4167 nostrum
481 4114 560 4184 prius
574 4114 640 4169 inde
655 4115 707 4169 tibi
721 4114 860 4169 directum
876 4129 934 4167 non
947 4128 978 4165 es
995 4120 1127 4165 executus
1140 4107 1275 4162 sicuttibi

164 4209 329 4270 preceptum
355 4201 416 4268 fuit,
444 4213 473 4258 et
501 4204 616 4273 grauius
641 4204 713 4259 alias
737 4200 937 4259 amerciaberis
960 4199 1014 4255 nisi
1037 4199 1091 4252 hoc
1113 4206 1277 4269 preceptum

164 4297 293 4342 nostrum
311 4289 421 4357 plenius
439 4292 594 4361 exequaris.

228 4389 238 4422 ¹
255 4392 445 4457 recognicionis,
460 4394 520 4446 MS.
624 4393 636 4430 ²
651 4396 775 4459 toralium,
789 4395 846 4447 MS.
953 4392 964 4424 ³
980 4390 1137 4461 recognituri,
1153 4388 1211 4439 MS.

245 4511 272 4555 c,
1178 4492 1196 4549 8
