3234 5059
353 314 401 401 98
508 312 570 410 Of
587 313 695 387 lands
721 314 762 387 in
788 314 850 389 the
866 314 980 413 fields
997 315 1046 412 of
1065 313 1286 410 Cambridge
1339 310 1458 409 [Boou

352 508 386 563 et
402 502 606 582 procedente
621 500 801 585 [tempore]
818 502 979 585 presbiter
999 500 1171 565 ordinatus
1192 500 1382 581 assignatus
1398 497 1460 561 luit

352 604 395 667 ad
426 602 661 668 celebrandum
693 626 754 687 pro
784 606 902 669 eodem
935 605 1095 687 magistro
1125 603 1168 668 ad
1204 604 1307 667 altare
1345 601 1459 667 Sancti

354 702 544 785 Augustini.
590 704 670 786 lpso
708 726 788 769 uero
825 704 991 779 defuncto,
1027 704 1111 767 alius
1148 704 1258 775 debet,
1289 703 1331 766 ad
1371 701 1458 765 idem

353 807 528 871 seruicium
565 807 763 885 laciendum,
792 811 836 874 ad
873 810 962 873 idem
1000 808 1104 872 altare
1142 808 1311 890 assignari,
1342 816 1376 870 et
1413 806 1460 869 sic

354 913 586 997 inperpetuum
623 915 815 979 successiue.
877 914 934 979 Ad
967 934 1067 977 vnam
1103 913 1237 977 missam
1269 911 1370 977 debet
1400 932 1460 994 pro

354 1018 466 1083 anima
489 1018 592 1101 ipsius
617 1020 755 1085 Roberti
780 1022 940 1085 memoria
963 1018 1040 1084 lieri.

354 1273 406 1337 44
451 1254 503 1319 Dc
523 1257 622 1320 terris
642 1279 724 1340 quas
746 1257 852 1321 Prior
870 1268 902 1321 et
924 1256 1081 1323 canonia
1100 1256 1218 1321 habent
1240 1256 1461 1321 indominica.

191 1446 342 1540 {supera-quun
421 1428 514 1492 Prior
543 1438 577 1492 et
604 1427 764 1493 Canonici
791 1426 834 1490 de
862 1426 1063 1491 Bemewelle
1089 1435 1205 1490 tenent
1232 1427 1264 1489 in
1292 1425 1461 1489 dominico

191 1548 280 1641 {322¹
274 1546 342 1640 131ξο
355 1541 421 1596 tres
444 1542 614 1596 carucatas
637 1541 732 1608 terre,
747 1532 835 1595 vnde
857 1530 1041 1595 secundum
1065 1531 1155 1613 quod
1179 1540 1291 1612 potest
1313 1530 1461 1593 estimari

191 1648 318 1742 mind
355 1657 415 1719 per
444 1636 659 1719 agricultores
689 1645 723 1700 et
752 1637 906 1709 seniores,
938 1636 1063 1698 habent
1094 1636 1127 1697 in
1158 1656 1224 1698 vno
1254 1654 1374 1716 campo
1404 1634 1460 1717 qui

192 1749 314 1792 convent·
354 1749 492 1804 vocatur
514 1739 781 1805 Brademereseld
804 1750 838 1803 et
862 1740 1029 1804 Meledich
1046 1738 1155 1821 ,xiijxe
1170 1759 1271 1802 acras.
1320 1738 1405 1802 ltem
1428 1739 1459 1801 in

354 1969 420 2013 vno
435 1970 556 2032 campo
572 1950 667 2014 ,xii¹¹.
684 1970 784 2014 acras.
832 1949 885 2012 De
901 1949 1021 2032 quibus
1040 1948 1134 2012 terris
1155 1948 1290 2031 quidam
1308 1948 1402 2011 miles
1418 1948 1461 2011 de

355 2052 480 2117 familia
509 2054 634 2137 Pagani
663 2053 797 2118 Peuerel
823 2053 933 2117 dictus
960 2052 1122 2116 Albertus
1150 2052 1271 2118 Chiuet
1298 2051 1391 2115 dedit
1414 2051 1461 2115 eis

355 2166 461 2223 totam
480 2167 603 2222 terram
624 2178 725 2241 quam
742 2156 931 2221 Willelmus
947 2157 989 2220 de
1005 2155 1143 2220 Writele
1158 2155 1340 2239 aliquando
1355 2156 1462 2220 tenuit

355 2263 397 2327 de
432 2262 583 2347 predicto
619 2262 755 2345 Pagano
789 2260 873 2324 infra
906 2261 1049 2343 burgum
1086 2271 1120 2325 et
1149 2271 1248 2325 extra
1284 2281 1388 2343 usque
1418 2260 1460 2324 ad

355 2368 576 2449 quantitatem
590 2366 645 2431 lx.
657 2387 807 2431 acrarum
824 2375 858 2430 et
873 2367 914 2429 ad
933 2366 1172 2430 incrementum
1190 2365 1279 2429 illam
1297 2366 1459 2429 culturam

355 2492 421 2554 que
439 2472 524 2535 iacet
545 2481 623 2535 ante
644 2479 775 2553 portam
797 2470 1032 2535 canonicorum
1050 2470 1187 2535 liberam
1205 2481 1238 2534 et
1253 2471 1401 2554 quietam
1418 2471 1461 2534 ab

355 2574 447 2638 omni
463 2574 601 2638 seculari
617 2573 757 2638 seruicio
773 2574 805 2635 in
823 2584 1017 2655 perpetuam
1035 2572 1262 2638 elemosinam.
1306 2572 1460 2655 Sigillum

357 2677 443 2740 illius
466 2686 556 2741 carte
579 2677 646 2741 lere
668 2685 905 2758 consumptum
930 2686 980 2740 est
1004 2698 1062 2760 pre
1085 2686 1261 2742 uetustate.

193 2802 343 2854 meeum
425 2782 511 2845 Item
532 2802 576 2845 ex
597 2782 688 2845 dono
711 2780 867 2864 Hugonis
888 2781 1005 2863 prioris
1021 2782 1076 2863 qui
1093 2781 1182 2846 beati
1200 2780 1312 2864 Egidij
1329 2792 1462 2846 secutus

192 2852 345 3004 'iplsffiism
358 2886 498 2968 uestigia
525 2887 718 2969 parentibus
740 2886 812 2950 eius
835 2886 867 2947 in
892 2906 974 2969 pace
1001 2884 1166 2949 defunctis
1189 2884 1379 2968 patrimonii
1403 2887 1463 2962 sui,

192 3013 276 3056 -¹¹⁷s·
357 2991 447 3074 quod
475 2992 555 3055 satis
583 3011 743 3073 magnum
767 2999 979 3063 remanserat,
1005 2990 1173 3055 Christum
1197 2990 1274 3053 lecit
1297 2990 1462 3054 heredem.

357 3094 480 3158 Totam
496 3114 642 3177 namque
657 3104 778 3158 terram
792 3094 926 3159 Osberti
941 3094 1147 3157 Domesman
1161 3092 1324 3177 patrissui
1338 3092 1462 3157 scilicet

356 3197 483 3280 sepcies
495 3197 612 3279 viginti
625 3218 718 3260 acras
730 3197 763 3260 in
776 3196 904 3279 campis
917 3196 1139 3279 Cantebrigie,
1150 3217 1278 3260 necnon
1290 3216 1462 3260 mansuras

357 3300 389 3363 in
420 3299 527 3383 burgo
557 3299 780 3384 quamplures,
807 3302 840 3362 in
871 3319 1084 3364 communem
1116 3298 1253 3363 fratrum
1285 3300 1460 3364 vtilitatem

356 3404 506 3468 deduxit.
568 3404 621 3466 Ita
653 3404 784 3486 scripsit
820 3402 987 3467 Guarinus
1020 3404 1208 3480 canonicus,
1234 3402 1292 3467 sed
1329 3403 1371 3466 de
1407 3403 1463 3466 illa

357 3508 542 3573 donacione
565 3517 691 3571 cartam
715 3530 782 3572 non
806 3509 916 3571 recolo
940 3528 994 3572 me
1016 3507 1147 3571 uidisse.

194 3628 318 3722 pamm
425 3613 511 3677 Item
534 3613 672 3676 domina
695 3612 859 3678 Nicholaa
882 3612 950 3677 filia
973 3622 1007 3677 et
1033 3612 1128 3677 heres
1148 3612 1275 3675 domini
1303 3608 1462 3675 Willelmi

193 3728 318 3821 ffifflmra
358 3716 401 3781 de
429 3715 688 3799 Hamminglord
716 3717 810 3781 dedit
832 3716 880 3780 eis
903 3726 969 3781 tres
992 3736 1086 3780 acras
1108 3724 1194 3779 terre
1217 3716 1361 3778 iacentes
1384 3725 1463 3779 ante

230 3778 289 3831 ψ
321 3808 327 3821 ’
359 3830 489 3903 portam
516 3820 559 3885 de
586 3818 797 3895 Bernewelle,
820 3840 925 3902 prope
951 3818 1090 3883 croltam
1121 3818 1245 3901 Rogeri
1270 3818 1406 3901 Lungis
1429 3818 1462 3882 in

358 3926 495 3990 liberam
518 3946 636 4008 puram
660 3934 694 3988 et
717 3934 913 4008 perpetuam
937 3924 1164 3989 elemosinam.

194 4051 234 4102 sy
425 4030 575 4095 Matildis
603 4030 781 4095 Comitissa
806 4028 902 4093 dedit
928 4030 976 4094 eis
1002 4030 1087 4093 duas
1113 4049 1206 4093 acras
1230 4036 1308 4091 ante
1332 4037 1462 4109 portam

193 4101 316 4194 &iiiiii
358 4134 496 4198 ecclesie
530 4154 598 4209 sue,
628 4133 729 4197 libere
764 4144 798 4196 et
834 4134 954 4216 quiete,
984 4132 1075 4196 omni
1113 4131 1290 4195 exactione
1328 4140 1463 4194 remota

358 4240 459 4324 Quod
476 4248 588 4303 autem
604 4238 659 4302 ille
675 4238 741 4302 due
755 4258 831 4301 acre
846 4257 913 4301 non
930 4238 997 4301 sint
1014 4238 1046 4299 in
1068 4256 1189 4317 campo
1204 4235 1246 4297 de
1264 4234 1463 4299 Brademere

356 4345 566 4430 presumitur,
583 4344 741 4433 quoniam
763 4352 855 4407 carta
876 4342 1044 4407 comitisse
1064 4340 1210 4426 loquitur
1230 4337 1273 4402 de
1293 4340 1462 4405 canonicIs
