3234 5059
637 1025 806 1098 Lmen
845 1025 1132 1122 Quantus

257 1239 275 1289 t,
288 1251 314 1302 7¹
418 1237 472 1301 De
484 1237 712 1316 taxacionibus,
729 1240 1014 1323 procuracionibas
1026 1243 1351 1323 etcomposicionibus

734 1354 767 1408 et
779 1347 1037 1428 oppressionibus.

169 1518 300 1572 Prolorue·
397 1505 490 1571 Olim
502 1509 545 1572 ad
561 1508 841 1592 submergendam
858 1507 1047 1573 nauiculam
1066 1510 1154 1574 Petri
1171 1529 1261 1574 mare
1276 1510 1437 1587 seuiebat,

331 1609 390 1672 sed
421 1610 493 1693 ipse
521 1611 679 1676 dominus
709 1611 842 1675 interim
872 1612 1070 1677 dormiebat.
1116 1612 1296 1678 Excitatus
1322 1623 1435 1678 autem

331 1735 351 1778 a
380 1714 551 1799 discipulis
581 1715 737 1780 dominus
763 1716 941 1800 imperauit
968 1717 1076 1780 uentis
1106 1727 1140 1782 et
1171 1718 1263 1795 mari,
1288 1728 1321 1783 et
1347 1719 1436 1784 sacta

331 1827 382 1882 est
402 1820 632 1904 tranquillitas¹
678 1821 735 1886 Sic
757 1821 872 1905 utique
893 1820 1009 1885 diebus
1030 1823 1102 1886 istis
1122 1824 1166 1886 ad
1182 1824 1435 1906 deprimendam

332 1923 517 1989 Ecclesiam
543 1926 598 1990 dei
622 1928 765 1991 mundus
788 1928 883 1991 seuit.
929 1925 1052 1990 Nonne
1075 1937 1182 1992 mater
1204 1928 1355 1993 Ecclesia
1377 1949 1436 2011 per

331 2027 507 2111 nepharius
541 2030 751 2094 extorsiones
781 2031 956 2108 tricesime,
986 2031 1151 2108 vicesime‚
1181 2032 1436 2114 quintedecime,

330 2131 468 2208 decime,
498 2142 532 2196 et
561 2134 698 2198 tandem
729 2133 927 2211 medietatis,
954 2144 988 2198 et
1018 2136 1291 2218 procuracionum
1324 2136 1435 2202 multi-

331 2235 465 2318 plicium
504 2237 599 2319 quasi
637 2237 884 2323 submergenda
920 2239 1142 2321 deprimitur?
1202 2241 1291 2304 Ecce
1329 2251 1436 2306 mater

329 2339 478 2417 ecclesia,
503 2343 583 2424 quia
611 2341 734 2408 Christi
761 2363 894 2426 sponsa,
920 2343 1007 2407 solet
1035 2364 1109 2407 esse
1136 2343 1246 2420 libera,
1277 2344 1336 2408 sed
1367 2346 1433 2409 iam

330 2444 418 2509 sacta
447 2455 498 2510 est
528 2447 589 2511 sub
619 2447 752 2512 tributo,
798 2451 884 2532 Jam‚
907 2448 993 2513 sicut
1023 2448 1175 2533 populus,
1200 2450 1247 2513 ita
1272 2450 1374 2515 seruit
1400 2461 1435 2515 et

328 2549 457 2628 clerus;
494 2550 562 2628 sed,
591 2552 682 2634 quod
718 2553 864 2617 deterius
897 2562 957 2631 est,
987 2553 1061 2636 plus
1095 2555 1293 2637 deprimitur
1327 2554 1435 2619 honor

330 2657 532 2735 clericorum,
562 2678 663 2741 quam
694 2669 801 2723 status
833 2659 1001 2724 laicorum.
1057 2659 1322 2743 Verumptamen
1352 2659 1432 2742 quid

329 2760 485 2825 dominus
509 2763 654 2826 facturus
681 2762 732 2837 sit,
756 2782 832 2826 cum
855 2761 899 2825 ad
922 2782 1045 2846 sponse
1067 2783 1126 2826 sue
1152 2761 1290 2826 ecclesie
1317 2762 1433 2827 libera-

330 2865 460 2929 cionem
486 2866 580 2950 quasi
608 2889 627 2930 a
654 2887 796 2949 sompno
822 2887 960 2948 surgens
986 2866 1100 2930 oculos
1127 2867 1349 2930 misericordie
1375 2889 1433 2932 sue

329 2970 518 3054 aperuerit?
540 2971 704 3054 propheta
725 2971 825 3052 longe
845 2980 924 3034 ante
943 2972 987 3034 de
1001 2971 1159 3054 preterito
1175 2973 1433 3053 premonstrauit

330 3072 463 3137 dicens:
493 3073 541 3138 Et
564 3073 720 3138 excitatus
743 3083 791 3136 est
814 3084 971 3156 tanquam
993 3073 1156 3138 muns
1176 3074 1337 3153 dominus,
1361 3086 1432 3140 tau-

329 3199 427 3260 quam
440 3187 554 3260 poteus
572 3177 761 3258 crapulatus
780 3199 802 3240 a
822 3176 909 3254 uiuo,
923 3185 955 3241 ct
966 3177 1129 3261 percussit
1148 3177 1295 3242 inimicos
1308 3199 1382 3243 suos
1397 3181 1432 3244 in

322 3281 504 3362 posteriora
513 3305 528 3356 ,·
551 3279 753 3364 obprobrium
767 3279 997 3362 sempiternum
1011 3278 1101 3344 dedit
1115 3278 1205 3344 illut

636 3492 661 3538 1.
705 3473 757 3538 oe
779 3473 902 3555 trouu
921 3472 1092 3536 suasum.

165 3608 302 3711 ξρόςξξςᾏ
393 3613 451 3678 Ad
473 3611 622 3678 Ecclesie
643 3614 768 3679 Sancte
788 3613 1038 3698 depressionem
1059 3623 1127 3677 tres
1145 3614 1331 3678 successiue
1347 3614 1433 3679 facte
1489 3638 1491 3642 ’

164 3709 263 3812 ξζζζξξ
329 3725 406 3780 sunt
430 3716 643 3781 taxaciones:
673 3717 781 3800 prima
807 3716 928 3780 dicitur
953 3715 1093 3779 Walteri
1117 3716 1265 3800 episcopi
1293 3717 1432 3802 Norwy-

328 3822 469 3898 eensis¹;
495 3822 642 3885 secunda
665 3821 815 3903 magistri
840 3819 1049 3902 Reymundi⁸
1068 3819 1111 3884 de
1133 3820 1289 3904 Nogerijs
1301 3844 1309 3900 ;
1332 3823 1433 3887 tercia

328 3925 560 4007 episcoporum
586 3923 750 4006 Johannis
776 3924 1040 4006 Wyntoniensis,
1062 3935 1097 3988 et
1124 3923 1251 3990 Oliueri
1276 3926 1432 3992 Lincoln-

377 4067 385 4100 ¹
405 4069 487 4119 Psulm
500 4069 539 4132 78,
553 4085 593 4118 vv.
608 4068 649 4133 65,
661 4067 812 4119 66=Psalm
825 4082 855 4133 77
866 4069 984 4133 Vulgate.

375 4149 385 4182 ¹
402 4151 498 4201 Walter
514 4151 626 4212 Suffield,
643 4153 687 4217 bp.
703 4152 732 4202 ol
746 4153 874 4214 Norwiclu
891 4167 1051 4218 iun—1257
1069 4153 1105 4216 (d.
1124 4169 1153 4219 ¹9
1170 4154 1251 4220 May).
1284 4156 1348 4206 This
1364 4165 1433 4208 taxe·

325 4235 387 4292 tion,
404 4234 484 4284 called
501 4235 544 4284 the
561 4235 680 4285 Norwich
697 4235 831 4296 Taxation,
849 4252 901 4286 was
916 4236 991 4287 mede
1006 4237 1033 4286 in
1052 4236 1124 4298 1256,
1140 4238 1202 4287 with
1219 4239 1261 4289 the
1277 4241 1390 4290 sanction
1406 4242 1437 4292 ol

324 4333 391 4383 pope
402 4317 546 4367 Alexander
558 4319 603 4371 1v.
641 4320 755 4381 (Stubbs,
771 4319 965 4370 consummi
973 4321 1088 4386 History,
1100 4322 1142 4371 ed.
1157 4322 1226 4387 1875.
1240 4323 1266 4372 ii·
1281 4336 1335 4387 1752
1347 4327 1426 4392 note.)

372 4397 383 4430 ⁸
401 4400 503 4465 Regem,
517 4401 589 4452 MS.:
606 4403 651 4452 but
663 4418 704 4452 see
715 4403 804 4463 above,
817 4419 843 4469 p.
857 4402 972 4466 12422nd
982 4403 1074 4461 below,
1085 4419 1111 4469 p.
1126 4419 1179 4471 ¹99
