3234 5059
162 400 235 498 vn]
434 398 473 471 Τ
466 409 597 473 εκακίε
623 399 664 471 in
689 397 779 495 Dry
804 396 981 493 Drayton
1194 417 1260 487 311

227 585 434 669 Reginaldus
458 584 586 649 Giffard
609 592 702 647 tenet
724 602 824 647 unam
849 600 960 645 acram
984 588 1077 654 terre,
1099 587 1134 643 et
1157 576 1267 642 reddit

160 713 219 781 per
244 712 369 757 annum
393 714 430 757 .v.
453 690 608 755 denarios
631 689 674 753 ad
704 688 813 753 dictos
836 685 997 751 terminos
1024 704 1084 767 pro
1111 682 1266 747 omnibus

160 796 316 879 seruicijs.

227 900 392 965 Radullus
415 898 557 964 Gillard¹
579 907 673 963 tenet
695 917 797 962 vnum
827 894 1033 978 mesuagium
1061 914 1137 957 cum
1160 892 1266 957 crofta

160 1004 334 1068 adiacente
359 1025 424 1088 que
450 1003 600 1067 continet
625 1021 725 1064 vnam
754 1021 866 1064 acram
895 1009 990 1075 terre,
1012 1007 1046 1063 et
1072 996 1181 1062 reddit
1208 1016 1267 1079 per

160 1130 286 1173 annum
298 1109 350 1191 .vj.
362 1108 516 1173 denarios
527 1108 570 1171 ad
584 1107 706 1171 festum
721 1106 836 1173 Sancti
852 1104 1026 1169 Michaelis
1038 1124 1099 1188 pro
1110 1102 1265 1168 omnibus

160 1211 319 1294 seruicijs.

228 1316 436 1400 Reginaldus
457 1318 582 1380 Persun
604 1324 697 1379 tenet
713 1334 816 1378 vuum
835 1312 1044 1397 mesuagium
1063 1332 1139 1377 cum
1161 1309 1267 1376 crofta

162 1419 336 1484 adiacente
360 1440 425 1502 que
451 1420 601 1483 continet
625 1437 726 1482 vnam
753 1436 866 1481 acram
893 1426 989 1493 terre,
1015 1426 1049 1479 et
1073 1414 1183 1479 reddit
1209 1435 1268 1499 per

160 1649 318 1709 seruiens.

228 1730 419 1814 Stephanus
433 1731 478 1795 de
494 1730 638 1795 Borham
654 1738 748 1795 tenet
761 1749 864 1792 vnum
881 1728 1143 1811 mesuagium,et
1159 1726 1269 1793 reddit

162 1854 357 1917 perannum
369 1834 411 1899 ad
425 1834 547 1899 festum
561 1833 677 1898 Sancti
691 1832 866 1897 Michaelis
878 1852 939 1914 pro
951 1830 1108 1897 omnibus
1120 1830 1268 1914 seruicijs

161 1938 190 2021 .j.
206 1939 379 2004 denarium
395 1938 458 2023 [et]
474 1938 620 2003 obolum.

654 2043 796 2108 Summa
808 2040 885 2122 .viij.
900 2040 999 2105 solidi
1014 2039 1055 2122 .ij.
1070 2040 1198 2124 denarij
1215 2040 1267 2106 ob.

230 2251 290 2315 lsti
305 2260 382 2315 sunt
398 2249 601 2331 Custumarij
617 2248 767 2314 eiusdem
786 2246 908 2311 Prioris
923 2246 956 2310 in
973 2246 1092 2312 eadem
1108 2246 1205 2311 villa:

230 2386 437 2470 Reginaldus
458 2386 575 2450 Bulloc
596 2395 689 2451 tenet
709 2405 813 2448 vnum
833 2384 983 2448 clausum
1005 2393 1039 2449 et
1061 2385 1267 2469 mesuagium

163 2510 239 2553 cum
255 2489 370 2565 crofta,
385 2499 419 2553 et
442 2490 552 2554 reddit
573 2510 633 2573 per
652 2508 778 2553 annum
800 2488 843 2551 ad
865 2488 992 2553 dictum
1009 2490 1188 2552 terminum
1205 2487 1269 2571 iiij.

163 2594 297 2671 solidos,
311 2603 346 2658 et
361 2592 405 2657 ad
420 2594 453 2657 N
456 2594 544 2659 atale
559 2594 644 2659 duos
660 2613 805 2677 capones
821 2613 882 2676 pro
897 2593 1053 2657 omnibus
1069 2592 1224 2675 seruicijs.

230 2697 422 2779 Stephanus
450 2696 542 2762 faber
567 2707 660 2761 tenet
686 2717 788 2761 vnum
818 2698 1026 2779 mesuagium
1057 2718 1132 2762 cum
1164 2696 1270 2763 crofta

164 2799 346 2876 adiacente,
372 2809 407 2864 et
438 2800 548 2865 reddit
573 2821 633 2885 per
658 2821 783 2864 anuum
815 2800 858 2863 ad
888 2800 996 2864 dictos
1026 2802 1186 2866 terminos
1216 2802 1268 2884 iij.

164 2904 298 2981 solidos,
320 2913 354 2967 et
380 2902 464 2968 duas
487 2924 607 2987 operas
632 2925 817 2988 perunum
844 2905 932 2968 diem
956 2906 990 2967 in
1015 2914 1202 2990 autumpno
1226 2908 1363 2983 adt174

164 3008 275 3072 cibum
292 3008 420 3071 domini
436 3008 565 3085 Primis,
580 3019 614 3073 et
630 3009 672 3072 ad
690 3009 813 3074 Natale
829 3011 913 3074 duos
929 3029 1081 3093 capones.

232 3112 397 3176 Henricus
425 3111 688 3176 Molendinarius
712 3122 804 3177 tenet
829 3133 932 3177 vnum
960 3114 1167 3198 mesuagium
1194 3135 1270 3179 cum

164 3216 271 3281 crofta
296 3217 479 3293 adiacente,
502 3227 537 3281 et
563 3216 673 3281 reddit
698 3236 759 3299 per
783 3236 910 3280 annum
938 3217 991 3298 .iij.
1015 3218 1149 3295 solidos,
1171 3229 1206 3284 et
1227 3220 1272 3285 ad

166 3321 290 3385 Natale
306 3320 445 3385 Domini
461 3320 503 3403 .ij.
519 3341 672 3403 capones,

232 3424 439 3509 Reginaldus
469 3425 500 3489 le
532 3426 637 3489 Roter
663 3434 756 3490 tenet
781 3445 883 3489 vnum
913 3428 1119 3510 mesuagium
1147 3438 1181 3493 et
1207 3452 1272 3495 .xv.

165 3634 299 3710 solidos,
329 3642 363 3699 et
398 3633 441 3697 ad
476 3633 599 3698 Natale
636 3634 774 3699 Domini
805 3635 891 3699 duos
922 3656 1076 3719 capones,
1106 3648 1140 3703 et
1170 3660 1272 3705 vnum

166 3757 288 3822 panem
309 3736 433 3813 album,
449 3737 492 3800 ad
514 3737 626 3801 cibum
647 3738 775 3803 domini
799 3738 927 3804 Prioris.
975 3742 1021 3805 Et
1041 3740 1202 3809 herciabit
1223 3744 1274 3808 bis

165 3862 225 3924 per
245 3860 380 3918 annum,
395 3839 497 3903 semel
519 3841 553 3903 in
574 3850 726 3925 tempore
743 3844 877 3925 yemali,
893 3854 927 3907 et
945 3844 1047 3909 semel
1068 3846 1102 3909 in
1124 3856 1275 3932 tempore

166 3944 446 4029 quadragesimali
474 3944 517 4008 ad
544 3945 656 4010 cibum
684 3947 812 4012 Prioris.
860 3948 905 4014 Et
929 3948 1028 4013 saciet
1050 3950 1134 4015 duas
1157 3972 1276 4035 operas

125 4126 130 4138 ⁵
167 4051 210 4115 ad
241 4048 375 4128 fenum3
409 4068 513 4111 vnum
544 4048 588 4112 ad
619 4050 821 4129 falcandum,
852 4052 943 4117 aliud
976 4055 1019 4118 ad
1050 4054 1275 4139 colligendum

168 4152 281 4218 senum
308 4152 352 4216 ad
379 4151 490 4216 cibum
518 4152 645 4217 domini
674 4154 803 4220 Prioris.
849 4156 895 4221 Et
922 4157 1021 4223 saciet
1046 4157 1131 4222 duas
1157 4179 1276 4243 operas

171 4258 204 4320 in
229 4265 416 4338 autumpno
439 4255 483 4319 ad
506 4255 618 4320 cibum
641 4257 769 4321 domini
794 4259 923 4324 Prioris.
969 4260 1056 4325 ltem
1081 4262 1220 4327 cariabit
1242 4264 1276 4327 in

168 4372 354 4444 autumpno
375 4379 451 4423 cum
473 4358 609 4425 homine
623 4380 685 4425 suo
699 4371 825 4427 etcum
842 4374 974 4429 carecta
989 4385 1049 4428 sua
1064 4373 1099 4429 et
1114 4386 1201 4450 equo
1217 4388 1277 4432 suo

626 4481 635 4513 ¹
652 4482 741 4543 Gillar,
754 4484 812 4535 MS.
