<?xml version="1.0" encoding="UTF-8"?>
<!DOCTYPE html PUBLIC "-//W3C//DTD XHTML 1.0 Transitional//EN"
    "http://www.w3.org/TR/xhtml1/DTD/xhtml1-transitional.dtd">
<html xmlns="http://www.w3.org/1999/xhtml" xml:lang="en" lang="en">
 <head>
  <title>
</title>
<meta http-equiv="Content-Type" content="text/html;charset=utf-8" />
  <meta name='ocr-system' content='tesseract 3.04.00' />
  <meta name='ocr-capabilities' content='ocr_page ocr_carea ocr_par ocr_line ocrx_word'/>
</head>
<body>
  <div class='ocr_page' id='page_1' title='image "./libermemorandor00clargoog_0238.png"; bbox 0 0 3234 5059; ppageno 0'>
   <div class='ocr_carea' id='block_1_1' title="bbox 357 332 1551 449">
    <p class='ocr_par' dir='ltr' id='par_1_1' title="bbox 357 332 1551 449">
     <span class='ocr_line' id='line_1_1' title="bbox 357 332 1551 449; baseline 0 -27"><span class='ocrx_word' id='word_1_1' title='bbox 357 371 426 445; x_wconf 91' lang='lat'><strong>170</strong></span> <span class='ocrx_word' id='word_1_2' title='bbox 642 352 788 427; x_wconf 83' lang='lat' dir='ltr'><strong>Success</strong></span> <span class='ocrx_word' id='word_1_3' title='bbox 814 352 862 449; x_wconf 83' lang='lat' dir='ltr'><strong>of</strong></span> <span class='ocrx_word' id='word_1_4' title='bbox 877 352 938 426; x_wconf 77' lang='lat' dir='ltr'><strong>the</strong></span> <span class='ocrx_word' id='word_1_5' title='bbox 961 352 1150 428; x_wconf 83' lang='lat' dir='ltr'><strong>Almoncr</strong></span> <span class='ocrx_word' id='word_1_6' title='bbox 1332 347 1453 448; x_wconf 74' lang='lat' dir='ltr'><strong>[Boou</strong></span> <span class='ocrx_word' id='word_1_7' title='bbox 1546 332 1551 340; x_wconf 53' lang='grc'>’</span> 
     </span>
    </p>
   </div>
   <div class='ocr_carea' id='block_1_2' title="bbox 184 535 1453 637">
    <p class='ocr_par' dir='ltr' id='par_1_2' title="bbox 184 535 1453 637">
     <span class='ocr_line' id='line_1_2' title="bbox 184 535 1453 637; baseline -0.006 -32"><span class='ocrx_word' id='word_1_8' title='bbox 184 545 336 637; x_wconf 52' lang='lat' dir='ltr'><strong>:2223qu</strong></span> <span class='ocrx_word' id='word_1_9' title='bbox 350 538 509 605; x_wconf 79' lang='lat' dir='ltr'><strong>defuncto</strong></span> <span class='ocrx_word' id='word_1_10' title='bbox 529 541 620 604; x_wconf 88' lang='lat' dir='ltr'><strong>venit</strong></span> <span class='ocrx_word' id='word_1_11' title='bbox 641 539 781 604; x_wconf 91' lang='lat' dir='ltr'><strong>Annora</strong></span> <span class='ocrx_word' id='word_1_12' title='bbox 801 559 889 602; x_wconf 89' lang='lat' dir='ltr'><strong>uxor</strong></span> <span class='ocrx_word' id='word_1_13' title='bbox 908 539 979 602; x_wconf 87' lang='lat' dir='ltr'><strong>eius</strong></span> <span class='ocrx_word' id='word_1_14' title='bbox 1001 539 1033 601; x_wconf 94' lang='lat' dir='ltr'><strong>in</strong></span> <span class='ocrx_word' id='word_1_15' title='bbox 1056 538 1173 602; x_wconf 90' lang='lat' dir='ltr'><strong>itinere</strong></span> <span class='ocrx_word' id='word_1_16' title='bbox 1195 535 1453 620; x_wconf 89' lang='lat' dir='ltr'><strong>justiciariorum</strong></span> 
     </span>
    </p>
   </div>
   <div class='ocr_carea' id='block_1_3' title="bbox 184 639 1452 746">
    <p class='ocr_par' dir='ltr' id='par_1_3' title="bbox 184 639 1452 746">
     <span class='ocr_line' id='line_1_3' title="bbox 184 639 1452 746; baseline -0.009 -34"><span class='ocrx_word' id='word_1_17' title='bbox 184 645 331 746; x_wconf 55' lang='lat' dir='ltr'><strong>ffiffll</strong></span> <span class='ocrx_word' id='word_1_18' title='bbox 350 654 384 707; x_wconf 90' lang='lat' dir='ltr'><strong>et</strong></span> <span class='ocrx_word' id='word_1_19' title='bbox 411 644 529 728; x_wconf 90' lang='lat' dir='ltr'><strong>petiuit</strong></span> <span class='ocrx_word' id='word_1_20' title='bbox 556 655 677 708; x_wconf 88' lang='lat' dir='ltr'><strong>terram</strong></span> <span class='ocrx_word' id='word_1_21' title='bbox 704 642 795 707; x_wconf 92' lang='lat' dir='ltr'><strong>illam</strong></span> <span class='ocrx_word' id='word_1_22' title='bbox 823 653 858 706; x_wconf 90' lang='lat' dir='ltr'><strong>et</strong></span> <span class='ocrx_word' id='word_1_23' title='bbox 884 652 1017 726; x_wconf 92' lang='lat' dir='ltr'><strong>pratum</strong></span> <span class='ocrx_word' id='word_1_24' title='bbox 1045 651 1206 724; x_wconf 81' lang='lat' dir='ltr'><strong>tanquam</strong></span> <span class='ocrx_word' id='word_1_25' title='bbox 1233 639 1452 703; x_wconf 85' lang='lat' dir='ltr'><strong>hereditatem</strong></span> 
     </span>
    </p>
   </div>
   <div class='ocr_carea' id='block_1_4' title="bbox 184 742 1454 848">
    <p class='ocr_par' dir='ltr' id='par_1_4' title="bbox 184 742 1454 848">
     <span class='ocr_line' id='line_1_4' title="bbox 184 742 1454 848; baseline -0.011 -31"><span class='ocrx_word' id='word_1_26' title='bbox 184 745 321 848; x_wconf 51' lang='lat' dir='ltr'>gfflged</span> <span class='ocrx_word' id='word_1_27' title='bbox 350 768 445 812; x_wconf 88' lang='lat' dir='ltr'><strong>suam</strong></span> <span class='ocrx_word' id='word_1_28' title='bbox 468 749 500 811; x_wconf 95' lang='lat' dir='ltr'><strong>in</strong></span> <span class='ocrx_word' id='word_1_29' title='bbox 522 769 623 831; x_wconf 85' lang='lat' dir='ltr'><strong>quarn</strong></span> <span class='ocrx_word' id='word_1_30' title='bbox 646 768 711 811; x_wconf 94' lang='lat' dir='ltr'><strong>non</strong></span> <span class='ocrx_word' id='word_1_31' title='bbox 733 747 852 810; x_wconf 88' lang='lat' dir='ltr'><strong>habuit</strong></span> <span class='ocrx_word' id='word_1_32' title='bbox 875 747 1060 829; x_wconf 86' lang='lat' dir='ltr'><strong>ingressum</strong></span> <span class='ocrx_word' id='word_1_33' title='bbox 1075 753 1137 809; x_wconf 87' lang='lat' dir='ltr'><strong>etc.</strong></span> <span class='ocrx_word' id='word_1_34' title='bbox 1154 745 1207 808; x_wconf 92' lang='lat' dir='ltr'><strong>cui</strong></span> <span class='ocrx_word' id='word_1_35' title='bbox 1228 742 1454 808; x_wconf 82' lang='lat' dir='ltr'><strong>contradicere</strong></span> 
     </span>
    </p>
   </div>
   <div class='ocr_carea' id='block_1_5' title="bbox 184 845 1454 938">
    <p class='ocr_par' dir='ltr' id='par_1_5' title="bbox 184 845 1454 938">
     <span class='ocr_line' id='line_1_5' title="bbox 184 845 1454 938; baseline -0.007 -19"><span class='ocrx_word' id='word_1_36' title='bbox 184 845 297 938; x_wconf 51' lang='grc' dir='ltr'><strong>ῗξᾷζω·</strong></span> <span class='ocrx_word' id='word_1_37' title='bbox 350 872 417 916; x_wconf 94' lang='lat' dir='ltr'><strong>non</strong></span> <span class='ocrx_word' id='word_1_38' title='bbox 435 852 545 934; x_wconf 90' lang='lat' dir='ltr'><strong>potuit</strong></span> <span class='ocrx_word' id='word_1_39' title='bbox 560 862 621 917; x_wconf 90' lang='lat' dir='ltr'><strong>etc.</strong></span> <span class='ocrx_word' id='word_1_40' title='bbox 667 851 714 915; x_wconf 92' lang='lat' dir='ltr'><strong>Et</strong></span> <span class='ocrx_word' id='word_1_41' title='bbox 731 849 994 914; x_wconf 91' lang='lat' dir='ltr'><strong>Elemosinarius</strong></span> <span class='ocrx_word' id='word_1_42' title='bbox 1014 850 1109 914; x_wconf 90' lang='lat' dir='ltr'><strong>dedit</strong></span> <span class='ocrx_word' id='word_1_43' title='bbox 1129 850 1160 913; x_wconf 88' lang='lat' dir='ltr'><strong>ei</strong></span> <span class='ocrx_word' id='word_1_44' title='bbox 1177 871 1226 914; x_wconf 89' lang='lat' dir='ltr'><strong>.x.</strong></span> <span class='ocrx_word' id='word_1_45' title='bbox 1247 849 1372 913; x_wconf 89' lang='lat' dir='ltr'><strong>solidos</strong></span> <span class='ocrx_word' id='word_1_46' title='bbox 1392 865 1454 930; x_wconf 89' lang='lat' dir='ltr'><strong>pro</strong></span> 
     </span>
    </p>
   </div>
   <div class='ocr_carea' id='block_1_6' title="bbox 183 947 1453 1048">
    <p class='ocr_par' dir='ltr' id='par_1_6' title="bbox 183 947 1453 1048">
     <span class='ocr_line' id='line_1_6' title="bbox 183 947 1453 1048; baseline -0.007 -25"><span class='ocrx_word' id='word_1_47' title='bbox 183 947 319 1048; x_wconf 47' lang='lat'><strong>3331„</strong></span> <span class='ocrx_word' id='word_1_48' title='bbox 349 955 463 1038; x_wconf 89' lang='lat' dir='ltr'><strong>quieta</strong></span> <span class='ocrx_word' id='word_1_49' title='bbox 486 955 698 1033; x_wconf 88' lang='lat' dir='ltr'><strong>clamacione,</strong></span> <span class='ocrx_word' id='word_1_50' title='bbox 722 954 770 1019; x_wconf 88' lang='lat' dir='ltr'><strong>ita</strong></span> <span class='ocrx_word' id='word_1_51' title='bbox 792 955 883 1038; x_wconf 94' lang='lat' dir='ltr'><strong>quod</strong></span> <span class='ocrx_word' id='word_1_52' title='bbox 907 953 1030 1018; x_wconf 87' lang='lat' dir='ltr'><strong>laceret</strong></span> <span class='ocrx_word' id='word_1_53' title='bbox 1052 953 1318 1038; x_wconf 84' lang='lat' dir='ltr'><strong>recognicionem</strong></span> <span class='ocrx_word' id='word_1_54' title='bbox 1340 969 1453 1016; x_wconf 88' lang='lat' dir='ltr'><strong>coram</strong></span> 
     </span>
    </p>
   </div>
   <div class='ocr_carea' id='block_1_7' title="bbox 183 1045 1455 1143">
    <p class='ocr_par' dir='ltr' id='par_1_7' title="bbox 183 1045 1455 1143">
     <span class='ocr_line' id='line_1_7' title="bbox 183 1045 1455 1143; baseline -0.006 -16"><span class='ocrx_word' id='word_1_55' title='bbox 183 1045 311 1139; x_wconf 40' lang='grc' dir='ltr'><strong>ἕψω</strong></span> <span class='ocrx_word' id='word_1_56' title='bbox 346 1059 538 1143; x_wconf 85' lang='lat' dir='ltr'><strong>justiciarijs</strong></span> <span class='ocrx_word' id='word_1_57' title='bbox 563 1080 629 1124; x_wconf 89' lang='lat' dir='ltr'><strong>vna</strong></span> <span class='ocrx_word' id='word_1_58' title='bbox 653 1079 730 1123; x_wconf 91' lang='lat' dir='ltr'><strong>cum</strong></span> <span class='ocrx_word' id='word_1_59' title='bbox 754 1059 826 1123; x_wconf 90' lang='lat' dir='ltr'><strong>uiro</strong></span> <span class='ocrx_word' id='word_1_60' title='bbox 853 1080 914 1123; x_wconf 91' lang='lat' dir='ltr'><strong>suo</strong></span> <span class='ocrx_word' id='word_1_61' title='bbox 938 1059 1088 1124; x_wconf 86' lang='lat' dir='ltr'><strong>Roberto</strong></span> <span class='ocrx_word' id='word_1_62' title='bbox 1112 1057 1248 1123; x_wconf 91' lang='lat' dir='ltr'><strong>Blosme</strong></span> <span class='ocrx_word' id='word_1_63' title='bbox 1270 1066 1331 1122; x_wconf 90' lang='lat' dir='ltr'><strong>etc</strong></span> <span class='ocrx_word' id='word_1_64' title='bbox 1377 1054 1455 1119; x_wconf 91' lang='lat' dir='ltr'><strong>Ele·</strong></span> 
     </span>
    </p>
   </div>
   <div class='ocr_carea' id='block_1_8' title="bbox 184 1152 1456 1663">
    <p class='ocr_par' dir='ltr' id='par_1_8' title="bbox 184 1152 1456 1663">
     <span class='ocr_line' id='line_1_8' title="bbox 184 1152 1456 1263; baseline -0.004 -36"><span class='ocrx_word' id='word_1_65' title='bbox 184 1152 307 1263; x_wconf 46' lang='grc' dir='ltr'>ξὀὀᾞ·</span> <span class='ocrx_word' id='word_1_66' title='bbox 350 1165 548 1227; x_wconf 87' lang='lat' dir='ltr'><strong>mosinarius</strong></span> <span class='ocrx_word' id='word_1_67' title='bbox 575 1182 655 1226; x_wconf 90' lang='lat' dir='ltr'><strong>uero</strong></span> <span class='ocrx_word' id='word_1_68' title='bbox 681 1161 848 1226; x_wconf 87' lang='lat' dir='ltr'><strong>intellexit</strong></span> <span class='ocrx_word' id='word_1_69' title='bbox 878 1162 969 1244; x_wconf 92' lang='lat' dir='ltr'><strong>quod</strong></span> <span class='ocrx_word' id='word_1_70' title='bbox 999 1162 1094 1226; x_wconf 88' lang='lat' dir='ltr'><strong>daret</strong></span> <span class='ocrx_word' id='word_1_71' title='bbox 1126 1183 1186 1244; x_wconf 89' lang='lat' dir='ltr'><strong>pro</strong></span> <span class='ocrx_word' id='word_1_72' title='bbox 1216 1159 1456 1225; x_wconf 85' lang='lat' dir='ltr'><strong>inrotulacione</strong></span> 
     </span>
     <span class='ocr_line' id='line_1_9' title="bbox 327 1264 1455 1348; baseline -0.004 -16"><span class='ocrx_word' id='word_1_73' title='bbox 327 1317 330 1325; x_wconf 87' lang='lat'>.</span> <span class='ocrx_word' id='word_1_74' title='bbox 349 1269 522 1332; x_wconf 82' lang='lat' dir='ltr'><strong>dimidiam</strong></span> <span class='ocrx_word' id='word_1_75' title='bbox 546 1287 702 1344; x_wconf 90' lang='lat' dir='ltr'><strong>marcam,</strong></span> <span class='ocrx_word' id='word_1_76' title='bbox 717 1277 750 1330; x_wconf 92' lang='lat' dir='ltr'><strong>et</strong></span> <span class='ocrx_word' id='word_1_77' title='bbox 767 1269 843 1331; x_wconf 92' lang='lat' dir='ltr'><strong>ideo</strong></span> <span class='ocrx_word' id='word_1_78' title='bbox 859 1286 926 1330; x_wconf 93' lang='lat' dir='ltr'><strong>non</strong></span> <span class='ocrx_word' id='word_1_79' title='bbox 943 1265 1086 1331; x_wconf 90' lang='lat' dir='ltr'><strong>multum</strong></span> <span class='ocrx_word' id='word_1_80' title='bbox 1102 1268 1232 1330; x_wconf 88' lang='lat' dir='ltr'><strong>curauit</strong></span> <span class='ocrx_word' id='word_1_81' title='bbox 1246 1266 1289 1330; x_wconf 89' lang='lat' dir='ltr'><strong>de</strong></span> <span class='ocrx_word' id='word_1_82' title='bbox 1305 1264 1455 1348; x_wconf 85' lang='lat' dir='ltr'><strong>recogni-</strong></span> 
     </span>
     <span class='ocr_line' id='line_1_10' title="bbox 349 1370 1455 1454; baseline -0.005 -16"><span class='ocrx_word' id='word_1_83' title='bbox 349 1375 452 1438; x_wconf 91' lang='lat' dir='ltr'><strong>cione.</strong></span> <span class='ocrx_word' id='word_1_84' title='bbox 499 1372 566 1438; x_wconf 89' lang='lat' dir='ltr'><strong>Sed</strong></span> <span class='ocrx_word' id='word_1_85' title='bbox 590 1371 759 1454; x_wconf 76' lang='lat' dir='ltr'><strong>lohannes</strong></span> <span class='ocrx_word' id='word_1_86' title='bbox 782 1372 826 1436; x_wconf 90' lang='lat' dir='ltr'><strong>de</strong></span> <span class='ocrx_word' id='word_1_87' title='bbox 850 1371 1031 1436; x_wconf 88' lang='lat' dir='ltr'><strong>Caldecote</strong></span> <span class='ocrx_word' id='word_1_88' title='bbox 1055 1370 1247 1453; x_wconf 89' lang='lat' dir='ltr'><strong>manucepit</strong></span> <span class='ocrx_word' id='word_1_89' title='bbox 1270 1390 1330 1453; x_wconf 89' lang='lat' dir='ltr'><strong>pro</strong></span> <span class='ocrx_word' id='word_1_90' title='bbox 1350 1390 1455 1434; x_wconf 82' lang='lat' dir='ltr'><strong>uxore</strong></span> 
     </span>
     <span class='ocr_line' id='line_1_11' title="bbox 349 1473 1454 1560; baseline -0.005 -19"><span class='ocrx_word' id='word_1_91' title='bbox 349 1477 411 1541; x_wconf 90' lang='lat' dir='ltr'><strong>sub</strong></span> <span class='ocrx_word' id='word_1_92' title='bbox 435 1475 582 1560; x_wconf 93' lang='lat' dir='ltr'><strong>periculo</strong></span> <span class='ocrx_word' id='word_1_93' title='bbox 604 1496 674 1552; x_wconf 93' lang='lat' dir='ltr'><strong>suo,</strong></span> <span class='ocrx_word' id='word_1_94' title='bbox 697 1485 731 1539; x_wconf 92' lang='lat' dir='ltr'><strong>et</strong></span> <span class='ocrx_word' id='word_1_95' title='bbox 753 1475 816 1539; x_wconf 92' lang='lat' dir='ltr'><strong>sub</strong></span> <span class='ocrx_word' id='word_1_96' title='bbox 839 1473 986 1558; x_wconf 85' lang='lat' dir='ltr'><strong>periculo</strong></span> <span class='ocrx_word' id='word_1_97' title='bbox 1009 1474 1117 1538; x_wconf 88' lang='lat' dir='ltr'><strong>tocius</strong></span> <span class='ocrx_word' id='word_1_98' title='bbox 1139 1473 1324 1537; x_wconf 88' lang='lat' dir='ltr'><strong>tenementi</strong></span> <span class='ocrx_word' id='word_1_99' title='bbox 1347 1474 1398 1538; x_wconf 92' lang='lat' dir='ltr'><strong>sui</strong></span> <span class='ocrx_word' id='word_1_100' title='bbox 1421 1473 1454 1535; x_wconf 89' lang='lat' dir='ltr'><strong>in</strong></span> 
     </span>
     <span class='ocr_line' id='line_1_12' title="bbox 349 1577 1329 1663; baseline -0.005 -16"><span class='ocrx_word' id='word_1_101' title='bbox 349 1580 531 1647; x_wconf 87' lang='lat' dir='ltr'><strong>Caldecote</strong></span> <span class='ocrx_word' id='word_1_102' title='bbox 554 1579 644 1663; x_wconf 92' lang='lat' dir='ltr'><strong>quod</strong></span> <span class='ocrx_word' id='word_1_103' title='bbox 669 1579 742 1661; x_wconf 89' lang='lat' dir='ltr'><strong>ipsa</strong></span> <span class='ocrx_word' id='word_1_104' title='bbox 765 1598 937 1662; x_wconf 91' lang='lat' dir='ltr'><strong>nunquam</strong></span> <span class='ocrx_word' id='word_1_105' title='bbox 961 1577 1081 1642; x_wconf 85' lang='lat' dir='ltr'><strong>iterum</strong></span> <span class='ocrx_word' id='word_1_106' title='bbox 1105 1585 1245 1641; x_wconf 88' lang='lat' dir='ltr'><strong>uexaret</strong></span> <span class='ocrx_word' id='word_1_107' title='bbox 1266 1586 1329 1642; x_wconf 91' lang='lat' dir='ltr'><strong>etc.</strong></span> 
     </span>
    </p>
   </div>
   <div class='ocr_carea' id='block_1_9' title="bbox 691 1828 1122 1896">
    <p class='ocr_par' dir='ltr' id='par_1_9' title="bbox 691 1828 1122 1896">
     <span class='ocr_line' id='line_1_13' title="bbox 691 1828 1122 1896; baseline 0 -2"><span class='ocrx_word' id='word_1_108' title='bbox 691 1846 759 1896; x_wconf 92' lang='lat'>100.</span> <span class='ocrx_word' id='word_1_109' title='bbox 803 1828 856 1894; x_wconf 81' lang='lat' dir='ltr'><strong>Dc</strong></span> <span class='ocrx_word' id='word_1_110' title='bbox 876 1828 1122 1894; x_wconf 70' lang='lat' dir='ltr'><strong>Elemosinartb.</strong></span> 
     </span>
    </p>
   </div>
   <div class='ocr_carea' id='block_1_10' title="bbox 185 1984 1455 2086">
    <p class='ocr_par' dir='ltr' id='par_1_10' title="bbox 185 1984 1455 2086">
     <span class='ocr_line' id='line_1_14' title="bbox 185 1984 1455 2086; baseline -0.005 -31"><span class='ocrx_word' id='word_1_111' title='bbox 185 1992 312 2086; x_wconf 53' lang='lat' dir='ltr'><strong>fgffi·</strong></span> <span class='ocrx_word' id='word_1_112' title='bbox 418 1985 513 2050; x_wconf 86' lang='lat' dir='ltr'><strong>Idem</strong></span> <span class='ocrx_word' id='word_1_113' title='bbox 534 1984 640 2050; x_wconf 88' lang='lat' dir='ltr'><strong>eciam</strong></span> <span class='ocrx_word' id='word_1_114' title='bbox 663 1984 924 2050; x_wconf 89' lang='lat' dir='ltr'><strong>Elemosinarius</strong></span> <span class='ocrx_word' id='word_1_115' title='bbox 939 2007 1016 2051; x_wconf 89' lang='lat' dir='ltr'><strong>cum</strong></span> <span class='ocrx_word' id='word_1_116' title='bbox 1032 2007 1137 2052; x_wconf 85' lang='lat' dir='ltr'><strong>vxore</strong></span> <span class='ocrx_word' id='word_1_117' title='bbox 1154 1986 1293 2052; x_wconf 91' lang='lat' dir='ltr'><strong>Roberti</strong></span> <span class='ocrx_word' id='word_1_118' title='bbox 1310 1986 1455 2052; x_wconf 87' lang='lat' dir='ltr'><strong>Edward</strong></span> 
     </span>
    </p>
   </div>
   <div class='ocr_carea' id='block_1_11' title="bbox 185 2087 1456 2186">
    <p class='ocr_par' dir='ltr' id='par_1_11' title="bbox 185 2087 1456 2186">
     <span class='ocr_line' id='line_1_15' title="bbox 185 2087 1456 2186; baseline -0.004 -28"><span class='ocrx_word' id='word_1_119' title='bbox 185 2093 311 2186; x_wconf 59' lang='lat' dir='ltr'><strong>fflgm</strong></span> <span class='ocrx_word' id='word_1_120' title='bbox 351 2090 393 2152; x_wconf 88' lang='lat' dir='ltr'><strong>de</strong></span> <span class='ocrx_word' id='word_1_121' title='bbox 417 2087 631 2172; x_wconf 87' lang='lat' dir='ltr'><strong>Cantebrigia</strong></span> <span class='ocrx_word' id='word_1_122' title='bbox 653 2099 781 2153; x_wconf 90' lang='lat' dir='ltr'><strong>etcum</strong></span> <span class='ocrx_word' id='word_1_123' title='bbox 805 2111 911 2155; x_wconf 83' lang='lat' dir='ltr'><strong>uxore</strong></span> <span class='ocrx_word' id='word_1_124' title='bbox 934 2090 1123 2156; x_wconf 88' lang='lat' dir='ltr'><strong>Alexandri</strong></span> <span class='ocrx_word' id='word_1_125' title='bbox 1144 2091 1235 2155; x_wconf 89' lang='lat' dir='ltr'><strong>Ruffi</strong></span> <span class='ocrx_word' id='word_1_126' title='bbox 1256 2092 1300 2155; x_wconf 93' lang='lat' dir='ltr'><strong>de</strong></span> <span class='ocrx_word' id='word_1_127' title='bbox 1324 2090 1456 2156; x_wconf 86' lang='lat' dir='ltr'><strong>Eueris-</strong></span> 
     </span>
    </p>
   </div>
   <div class='ocr_carea' id='block_1_12' title="bbox 349 2193 1457 2486">
    <p class='ocr_par' dir='ltr' id='par_1_12' title="bbox 349 2193 1457 2486">
     <span class='ocr_line' id='line_1_16' title="bbox 350 2193 1457 2281; baseline 0.005 -26"><span class='ocrx_word' id='word_1_128' title='bbox 350 2193 438 2258; x_wconf 93' lang='lat' dir='ltr'><strong>done</strong></span> <span class='ocrx_word' id='word_1_129' title='bbox 457 2193 534 2258; x_wconf 84' lang='lat' dir='ltr'><strong>fecit</strong></span> <span class='ocrx_word' id='word_1_130' title='bbox 555 2214 682 2277; x_wconf 86' lang='lat' dir='ltr'><strong>pacem,</strong></span> <span class='ocrx_word' id='word_1_131' title='bbox 698 2194 905 2260; x_wconf 80' lang='lat' dir='ltr'><strong>satisfaciens</strong></span> <span class='ocrx_word' id='word_1_132' title='bbox 926 2198 974 2260; x_wconf 88' lang='lat' dir='ltr'><strong>eis</strong></span> <span class='ocrx_word' id='word_1_133' title='bbox 995 2197 1028 2260; x_wconf 93' lang='lat' dir='ltr'><strong>in</strong></span> <span class='ocrx_word' id='word_1_134' title='bbox 1050 2199 1191 2281; x_wconf 93' lang='lat' dir='ltr'><strong>pecunia</strong></span> <span class='ocrx_word' id='word_1_135' title='bbox 1207 2205 1401 2275; x_wconf 90' lang='lat' dir='ltr'><strong>numerata;</strong></span> <span class='ocrx_word' id='word_1_136' title='bbox 1421 2204 1457 2260; x_wconf 90' lang='lat' dir='ltr'><strong>et</strong></span> 
     </span>
     <span class='ocr_line' id='line_1_17' title="bbox 350 2297 1455 2384; baseline 0.002 -24"><span class='ocrx_word' id='word_1_137' title='bbox 350 2298 479 2381; x_wconf 90' lang='lat' dir='ltr'><strong>accepit</strong></span> <span class='ocrx_word' id='word_1_138' title='bbox 501 2297 544 2361; x_wconf 93' lang='lat' dir='ltr'><strong>ab</strong></span> <span class='ocrx_word' id='word_1_139' title='bbox 563 2299 611 2361; x_wconf 91' lang='lat' dir='ltr'><strong>eis</strong></span> <span class='ocrx_word' id='word_1_140' title='bbox 632 2299 763 2381; x_wconf 91' lang='lat' dir='ltr'><strong>quietas</strong></span> <span class='ocrx_word' id='word_1_141' title='bbox 783 2300 984 2364; x_wconf 87' lang='lat' dir='ltr'><strong>clamancias</strong></span> <span class='ocrx_word' id='word_1_142' title='bbox 1005 2320 1066 2384; x_wconf 91' lang='lat' dir='ltr'><strong>pro</strong></span> <span class='ocrx_word' id='word_1_143' title='bbox 1086 2321 1123 2364; x_wconf 91' lang='lat' dir='ltr'><strong>se</strong></span> <span class='ocrx_word' id='word_1_144' title='bbox 1142 2311 1176 2364; x_wconf 93' lang='lat' dir='ltr'><strong>et</strong></span> <span class='ocrx_word' id='word_1_145' title='bbox 1197 2321 1257 2384; x_wconf 85' lang='lat' dir='ltr'><strong>pro</strong></span> <span class='ocrx_word' id='word_1_146' title='bbox 1278 2298 1455 2364; x_wconf 86' lang='lat' dir='ltr'><strong>heredibus</strong></span> 
     </span>
     <span class='ocr_line' id='line_1_18' title="bbox 349 2403 730 2486; baseline -0.003 -19"><span class='ocrx_word' id='word_1_147' title='bbox 349 2423 463 2467; x_wconf 86' lang='lat' dir='ltr'><strong>earum</strong></span> <span class='ocrx_word' id='word_1_148' title='bbox 486 2403 730 2486; x_wconf 88' lang='lat' dir='ltr'><strong>inperpetuum.</strong></span> 
     </span>
    </p>
   </div>
   <div class='ocr_carea' id='block_1_13' title="bbox 716 2647 1094 2714">
    <p class='ocr_par' dir='ltr' id='par_1_13' title="bbox 716 2647 1094 2714">
     <span class='ocr_line' id='line_1_19' title="bbox 716 2647 1094 2714; baseline 0.003 -1"><span class='ocrx_word' id='word_1_149' title='bbox 716 2665 784 2713; x_wconf 92' lang='lat'><em>101.</em></span> <span class='ocrx_word' id='word_1_150' title='bbox 829 2647 882 2713; x_wconf 80' lang='lat' dir='ltr'><strong>Dc</strong></span> <span class='ocrx_word' id='word_1_151' title='bbox 902 2649 959 2713; x_wconf 78' lang='lat' dir='ltr'><strong>deo</strong></span> <span class='ocrx_word' id='word_1_152' title='bbox 979 2649 1094 2714; x_wconf 76' lang='lat' dir='ltr'><strong>dando.</strong></span> 
     </span>
    </p>
   </div>
   <div class='ocr_carea' id='block_1_14' title="bbox 185 2801 1456 2905">
    <p class='ocr_par' dir='ltr' id='par_1_14' title="bbox 185 2801 1456 2905">
     <span class='ocr_line' id='line_1_20' title="bbox 185 2801 1456 2905; baseline 0.004 -41"><span class='ocrx_word' id='word_1_153' title='bbox 185 2811 298 2905; x_wconf 50' lang='lat' dir='ltr'><strong>mm</strong></span> <span class='ocrx_word' id='word_1_154' title='bbox 418 2801 565 2884; x_wconf 84' lang='lat' dir='ltr'><strong>Qvidam</strong></span> <span class='ocrx_word' id='word_1_155' title='bbox 586 2802 688 2868; x_wconf 84' lang='lat' dir='ltr'><strong>frater</strong></span> <span class='ocrx_word' id='word_1_156' title='bbox 708 2823 889 2868; x_wconf 85' lang='lat' dir='ltr'><strong>conuersus</strong></span> <span class='ocrx_word' id='word_1_157' title='bbox 905 2803 1037 2869; x_wconf 88' lang='lat' dir='ltr'><strong>Alanus</strong></span> <span class='ocrx_word' id='word_1_158' title='bbox 1057 2805 1194 2870; x_wconf 91' lang='lat' dir='ltr'><strong>nomine</strong></span> <span class='ocrx_word' id='word_1_159' title='bbox 1212 2806 1294 2870; x_wconf 86' lang='lat' dir='ltr'><strong>emit</strong></span> <span class='ocrx_word' id='word_1_160' title='bbox 1309 2805 1456 2889; x_wconf 90' lang='lat' dir='ltr'><strong>quedam</strong></span> 
     </span>
    </p>
   </div>
   <div class='ocr_carea' id='block_1_15' title="bbox 185 2907 1458 3004">
    <p class='ocr_par' dir='ltr' id='par_1_15' title="bbox 185 2907 1458 3004">
     <span class='ocr_line' id='line_1_21' title="bbox 185 2907 1458 3004; baseline -0.003 -28"><span class='ocrx_word' id='word_1_161' title='bbox 185 2911 317 3004; x_wconf 53' lang='lat' dir='ltr'><strong>ffissffm</strong></span> <span class='ocrx_word' id='word_1_162' title='bbox 352 2909 414 2972; x_wconf 89' lang='lat' dir='ltr'><strong>sibi</strong></span> <span class='ocrx_word' id='word_1_163' title='bbox 441 2909 626 2972; x_wconf 90' lang='lat' dir='ltr'><strong>necessaria</strong></span> <span class='ocrx_word' id='word_1_164' title='bbox 652 2909 686 2972; x_wconf 95' lang='lat' dir='ltr'><strong>in</strong></span> <span class='ocrx_word' id='word_1_165' title='bbox 713 2909 815 2973; x_wconf 90' lang='lat' dir='ltr'><strong>bosco</strong></span> <span class='ocrx_word' id='word_1_166' title='bbox 842 2910 886 2973; x_wconf 91' lang='lat' dir='ltr'><strong>de</strong></span> <span class='ocrx_word' id='word_1_167' title='bbox 912 2907 1053 2974; x_wconf 88' lang='lat' dir='ltr'><strong>Bradele</strong></span> <span class='ocrx_word' id='word_1_168' title='bbox 1079 2911 1176 2975; x_wconf 86' lang='lat' dir='ltr'><strong>iuxta</strong></span> <span class='ocrx_word' id='word_1_169' title='bbox 1207 2909 1397 2986; x_wconf 89' lang='lat' dir='ltr'><strong>Caldecote,</strong></span> <span class='ocrx_word' id='word_1_170' title='bbox 1422 2918 1458 2973; x_wconf 92' lang='lat' dir='ltr'><strong>et</strong></span> 
     </span>
    </p>
   </div>
   <div class='ocr_carea' id='block_1_16' title="bbox 185 3010 1457 3078">
    <p class='ocr_par' dir='ltr' id='par_1_16' title="bbox 185 3010 1457 3078">
     <span class='ocr_line' id='line_1_22' title="bbox 185 3010 1457 3078; baseline 0.004 -7"><span class='ocrx_word' id='word_1_171' title='bbox 185 3010 214 3054; x_wconf 60' lang='grc' dir='ltr'><strong>οἱ</strong></span> <span class='ocrx_word' id='word_1_172' title='bbox 219 3011 262 3054; x_wconf 70' lang='lat'><strong>21²0</strong></span> <span class='ocrx_word' id='word_1_173' title='bbox 353 3011 443 3075; x_wconf 86' lang='lat' dir='ltr'><strong>misit</strong></span> <span class='ocrx_word' id='word_1_174' title='bbox 473 3010 518 3074; x_wconf 92' lang='lat' dir='ltr'><strong>ibi</strong></span> <span class='ocrx_word' id='word_1_175' title='bbox 550 3031 650 3076; x_wconf 87' lang='lat' dir='ltr'><strong>unam</strong></span> <span class='ocrx_word' id='word_1_176' title='bbox 681 3011 805 3076; x_wconf 88' lang='lat' dir='ltr'><strong>bonam</strong></span> <span class='ocrx_word' id='word_1_177' title='bbox 836 3021 1001 3078; x_wconf 89' lang='lat' dir='ltr'><strong>carectam</strong></span> <span class='ocrx_word' id='word_1_178' title='bbox 1032 3011 1188 3077; x_wconf 82' lang='lat' dir='ltr'><strong>serratam</strong></span> <span class='ocrx_word' id='word_1_179' title='bbox 1218 3033 1296 3076; x_wconf 91' lang='lat' dir='ltr'><strong>cum</strong></span> <span class='ocrx_word' id='word_1_180' title='bbox 1325 3012 1457 3077; x_wconf 90' lang='lat' dir='ltr'><strong>duobus</strong></span> 
     </span>
    </p>
   </div>
   <div class='ocr_carea' id='block_1_17' title="bbox 185 3065 280 3105">
    <p class='ocr_par' dir='ltr' id='par_1_17' title="bbox 185 3065 280 3105">
     <span class='ocr_line' id='line_1_23' title="bbox 185 3065 280 3105; baseline -0.011 0"><span class='ocrx_word' id='word_1_181' title='bbox 185 3065 280 3105; x_wconf 73' lang='lat' dir='ltr'><strong>Fratm</strong></span> 
     </span>
    </p>
   </div>
   <div class='ocr_carea' id='block_1_18' title="bbox 184 3112 1458 3206">
    <p class='ocr_par' dir='ltr' id='par_1_18' title="bbox 184 3112 1458 3206">
     <span class='ocr_line' id='line_1_24' title="bbox 184 3112 1458 3206; baseline -0.002 -23"><span class='ocrx_word' id='word_1_182' title='bbox 184 3112 290 3206; x_wconf 48' lang='lat' dir='ltr'><strong>‘xm</strong></span> <span class='ocrx_word' id='word_1_183' title='bbox 352 3118 447 3199; x_wconf 90' lang='lat' dir='ltr'><strong>equis</strong></span> <span class='ocrx_word' id='word_1_184' title='bbox 470 3117 581 3200; x_wconf 90' lang='lat' dir='ltr'><strong>precio</strong></span> <span class='ocrx_word' id='word_1_185' title='bbox 604 3117 677 3182; x_wconf 77' lang='lat' dir='ltr'><strong>,lx.</strong></span> <span class='ocrx_word' id='word_1_186' title='bbox 700 3116 913 3200; x_wconf 88' lang='lat' dir='ltr'><strong>solid[0rum]</strong></span> <span class='ocrx_word' id='word_1_187' title='bbox 936 3117 978 3182; x_wconf 91' lang='lat' dir='ltr'><strong>ad</strong></span> <span class='ocrx_word' id='word_1_188' title='bbox 1002 3117 1196 3183; x_wconf 86' lang='lat' dir='ltr'><strong>cariandum</strong></span> <span class='ocrx_word' id='word_1_189' title='bbox 1219 3117 1312 3182; x_wconf 91' lang='lat' dir='ltr'><strong>domi</strong></span> <span class='ocrx_word' id='word_1_190' title='bbox 1332 3138 1373 3182; x_wconf 89' lang='lat' dir='ltr'><strong>ea</strong></span> <span class='ocrx_word' id='word_1_191' title='bbox 1391 3136 1458 3200; x_wconf 92' lang='lat' dir='ltr'><strong>que</strong></span> 
     </span>
    </p>
   </div>
   <div class='ocr_carea' id='block_1_19' title="bbox 186 3211 1458 3306">
    <p class='ocr_par' dir='ltr' id='par_1_19' title="bbox 186 3211 1458 3306">
     <span class='ocr_line' id='line_1_25' title="bbox 186 3211 1458 3306; baseline -0.002 -19"><span class='ocrx_word' id='word_1_192' title='bbox 186 3211 331 3306; x_wconf 53' lang='lat' dir='ltr'><strong>{mmm</strong></span> <span class='ocrx_word' id='word_1_193' title='bbox 353 3231 487 3285; x_wconf 88' lang='lat' dir='ltr'><strong>emerat.</strong></span> <span class='ocrx_word' id='word_1_194' title='bbox 544 3221 590 3284; x_wconf 92' lang='lat' dir='ltr'><strong>Et</strong></span> <span class='ocrx_word' id='word_1_195' title='bbox 628 3242 704 3286; x_wconf 88' lang='lat' dir='ltr'><strong>ecce</strong></span> <span class='ocrx_word' id='word_1_196' title='bbox 741 3222 940 3287; x_wconf 85' lang='lat' dir='ltr'><strong>carectarius</strong></span> <span class='ocrx_word' id='word_1_197' title='bbox 978 3222 1111 3287; x_wconf 88' lang='lat' dir='ltr'><strong>incaute</strong></span> <span class='ocrx_word' id='word_1_198' title='bbox 1147 3221 1324 3287; x_wconf 88' lang='lat' dir='ltr'><strong>ambulans</strong></span> <span class='ocrx_word' id='word_1_199' title='bbox 1360 3228 1458 3285; x_wconf 88' lang='lat' dir='ltr'><strong>extra</strong></span> 
     </span>
    </p>
   </div>
   <div class='ocr_carea' id='block_1_20' title="bbox 186 3311 1457 3414">
    <p class='ocr_par' dir='ltr' id='par_1_20' title="bbox 186 3311 1457 3414">
     <span class='ocr_line' id='line_1_26' title="bbox 186 3311 1457 3414; baseline -0.002 -24"><span class='ocrx_word' id='word_1_200' title='bbox 186 3311 338 3414; x_wconf 48' lang='grc' dir='ltr'><strong>ξῗὲξξῃῗι]</strong></span> <span class='ocrx_word' id='word_1_201' title='bbox 353 3325 492 3388; x_wconf 91' lang='lat' dir='ltr'><strong>boscum</strong></span> <span class='ocrx_word' id='word_1_202' title='bbox 522 3345 598 3389; x_wconf 89' lang='lat' dir='ltr'><strong>cum</strong></span> <span class='ocrx_word' id='word_1_203' title='bbox 629 3335 759 3390; x_wconf 86' lang='lat' dir='ltr'><strong>carecta</strong></span> <span class='ocrx_word' id='word_1_204' title='bbox 788 3335 928 3390; x_wconf 87' lang='lat' dir='ltr'><strong>onerata</strong></span> <span class='ocrx_word' id='word_1_205' title='bbox 953 3326 1065 3392; x_wconf 88' lang='lat' dir='ltr'><strong>subito</strong></span> <span class='ocrx_word' id='word_1_206' title='bbox 1091 3327 1157 3391; x_wconf 86' lang='lat' dir='ltr'><strong>ruit</strong></span> <span class='ocrx_word' id='word_1_207' title='bbox 1182 3335 1313 3391; x_wconf 87' lang='lat' dir='ltr'><strong>carecta</strong></span> <span class='ocrx_word' id='word_1_208' title='bbox 1338 3335 1373 3390; x_wconf 90' lang='lat' dir='ltr'><strong>et</strong></span> <span class='ocrx_word' id='word_1_209' title='bbox 1398 3324 1457 3388; x_wconf 92' lang='lat' dir='ltr'><strong>ob-</strong></span> 
     </span>
    </p>
   </div>
   <div class='ocr_carea' id='block_1_21' title="bbox 184 3413 1457 3515">
    <p class='ocr_par' dir='ltr' id='par_1_21' title="bbox 184 3413 1457 3515">
     <span class='ocr_line' id='line_1_27' title="bbox 184 3413 1457 3515; baseline -0.012 -8"><span class='ocrx_word' id='word_1_210' title='bbox 184 3413 296 3515; x_wconf 55' lang='grc' dir='ltr'><strong>ἓηιῖῑῗιξ.</strong></span> <span class='ocrx_word' id='word_1_211' title='bbox 352 3429 471 3511; x_wconf 88' lang='lat' dir='ltr'><strong>pressit</strong></span> <span class='ocrx_word' id='word_1_212' title='bbox 492 3429 660 3510; x_wconf 90' lang='lat' dir='ltr'><strong>quendam</strong></span> <span class='ocrx_word' id='word_1_213' title='bbox 681 3429 882 3512; x_wconf 86' lang='lat' dir='ltr'><strong>garcionem,</strong></span> <span class='ocrx_word' id='word_1_214' title='bbox 897 3439 931 3494; x_wconf 88' lang='lat' dir='ltr'><strong>et</strong></span> <span class='ocrx_word' id='word_1_215' title='bbox 951 3433 1065 3494; x_wconf 91' lang='lat' dir='ltr'><strong>statim</strong></span> <span class='ocrx_word' id='word_1_216' title='bbox 1081 3440 1232 3494; x_wconf 88' lang='lat' dir='ltr'><strong>mortuus</strong></span> <span class='ocrx_word' id='word_1_217' title='bbox 1251 3438 1310 3493; x_wconf 80' lang='lat' dir='ltr'><strong>est.</strong></span> <span class='ocrx_word' id='word_1_218' title='bbox 1355 3427 1457 3511; x_wconf 85' lang='lat' dir='ltr'><strong>Quod</strong></span> 
     </span>
    </p>
   </div>
   <div class='ocr_carea' id='block_1_22' title="bbox 187 3526 1468 3860">
    <p class='ocr_par' dir='ltr' id='par_1_22' title="bbox 187 3526 1468 3860">
     <span class='ocr_line' id='line_1_28' title="bbox 187 3526 1468 3609; baseline 0 -12"><span class='ocrx_word' id='word_1_219' title='bbox 187 3526 254 3556; x_wconf 77' lang='lat'>&#39;²¹⁸⁰&#39;</span> <span class='ocrx_word' id='word_1_220' title='bbox 351 3532 468 3597; x_wconf 90' lang='lat' dir='ltr'><strong>uidens</strong></span> <span class='ocrx_word' id='word_1_221' title='bbox 504 3533 701 3597; x_wconf 86' lang='lat' dir='ltr'><strong>carectarius</strong></span> <span class='ocrx_word' id='word_1_222' title='bbox 736 3532 931 3598; x_wconf 80' lang='lat' dir='ltr'><strong>festinanter</strong></span> <span class='ocrx_word' id='word_1_223' title='bbox 965 3534 1185 3599; x_wconf 85' lang='lat' dir='ltr'><strong>exhonerauit</strong></span> <span class='ocrx_word' id='word_1_224' title='bbox 1218 3542 1394 3609; x_wconf 90' lang='lat' dir='ltr'><strong>carectatn,</strong></span> <span class='ocrx_word' id='word_1_225' title='bbox 1423 3543 1468 3607; x_wconf 86' lang='lat' dir='ltr'><strong>et¹</strong></span> 
     </span>
     <span class='ocr_line' id='line_1_29' title="bbox 350 3638 1458 3720; baseline -0.001 -19"><span class='ocrx_word' id='word_1_226' title='bbox 350 3638 436 3720; x_wconf 83' lang='lat' dir='ltr'><strong>iugit</strong></span> <span class='ocrx_word' id='word_1_227' title='bbox 461 3639 554 3701; x_wconf 92' lang='lat' dir='ltr'><strong>domi</strong></span> <span class='ocrx_word' id='word_1_228' title='bbox 581 3657 656 3700; x_wconf 90' lang='lat' dir='ltr'><strong>cum</strong></span> <span class='ocrx_word' id='word_1_229' title='bbox 680 3639 775 3720; x_wconf 92' lang='lat' dir='ltr'><strong>equis</strong></span> <span class='ocrx_word' id='word_1_230' title='bbox 797 3649 831 3702; x_wconf 93' lang='lat' dir='ltr'><strong>et</strong></span> <span class='ocrx_word' id='word_1_231' title='bbox 854 3649 984 3703; x_wconf 89' lang='lat' dir='ltr'><strong>carecta</strong></span> <span class='ocrx_word' id='word_1_232' title='bbox 1007 3658 1120 3703; x_wconf 84' lang='lat' dir='ltr'><strong>uacua</strong></span> <span class='ocrx_word' id='word_1_233' title='bbox 1166 3638 1352 3703; x_wconf 85' lang='lat' dir='ltr'><strong>Coronatur</strong></span> <span class='ocrx_word' id='word_1_234' title='bbox 1378 3658 1458 3703; x_wconf 89' lang='lat' dir='ltr'><strong>uero</strong></span> 
     </span>
     <span class='ocr_line' id='line_1_30' title="bbox 187 3743 1458 3860; baseline 0.002 -55"><span class='ocrx_word' id='word_1_235' title='bbox 187 3817 304 3860; x_wconf 67' lang='lat' dir='ltr'><strong>noune</strong></span> <span class='ocrx_word' id='word_1_236' title='bbox 351 3746 535 3808; x_wconf 88' lang='lat' dir='ltr'><strong>secundum</strong></span> <span class='ocrx_word' id='word_1_237' title='bbox 571 3743 669 3806; x_wconf 87' lang='lat' dir='ltr'><strong>officii</strong></span> <span class='ocrx_word' id='word_1_238' title='bbox 704 3745 754 3808; x_wconf 88' lang='lat' dir='ltr'><strong>sui</strong></span> <span class='ocrx_word' id='word_1_239' title='bbox 789 3744 927 3808; x_wconf 91' lang='lat' dir='ltr'><strong>modum</strong></span> <span class='ocrx_word' id='word_1_240' title='bbox 958 3745 1036 3809; x_wconf 83' lang='lat' dir='ltr'><strong>fecit</strong></span> <span class='ocrx_word' id='word_1_241' title='bbox 1066 3744 1327 3828; x_wconf 89' lang='lat' dir='ltr'><strong>inquisicionem,</strong></span> <span class='ocrx_word' id='word_1_242' title='bbox 1357 3755 1391 3809; x_wconf 91' lang='lat' dir='ltr'><strong>et</strong></span> <span class='ocrx_word' id='word_1_243' title='bbox 1421 3756 1458 3808; x_wconf 89' lang='lat' dir='ltr'><strong>ut</strong></span> 
     </span>
    </p>
   </div>
   <div class='ocr_carea' id='block_1_23' title="bbox 186 3848 1459 4060">
    <p class='ocr_par' dir='ltr' id='par_1_23' title="bbox 186 3848 1459 4060">
     <span class='ocr_line' id='line_1_31' title="bbox 186 3848 1458 3932; baseline 0 -22"><span class='ocrx_word' id='word_1_244' title='bbox 186 3869 334 3918; x_wconf 60' lang='lat' dir='ltr'><strong>eminerem</strong></span> <span class='ocrx_word' id='word_1_245' title='bbox 352 3849 511 3930; x_wconf 85' lang='lat' dir='ltr'><strong>cognouit</strong></span> <span class='ocrx_word' id='word_1_246' title='bbox 526 3848 687 3912; x_wconf 89' lang='lat' dir='ltr'><strong>ueraciter</strong></span> <span class='ocrx_word' id='word_1_247' title='bbox 703 3856 860 3912; x_wconf 89' lang='lat' dir='ltr'><strong>euentum</strong></span> <span class='ocrx_word' id='word_1_248' title='bbox 878 3848 923 3912; x_wconf 89' lang='lat' dir='ltr'><strong>rei</strong></span> <span class='ocrx_word' id='word_1_249' title='bbox 938 3849 1179 3930; x_wconf 89' lang='lat' dir='ltr'><strong>calumpniauit</strong></span> <span class='ocrx_word' id='word_1_250' title='bbox 1195 3849 1238 3912; x_wconf 89' lang='lat' dir='ltr'><strong>ad</strong></span> <span class='ocrx_word' id='word_1_251' title='bbox 1254 3869 1339 3932; x_wconf 90' lang='lat' dir='ltr'><strong>opus</strong></span> <span class='ocrx_word' id='word_1_252' title='bbox 1355 3848 1458 3930; x_wconf 89' lang='lat' dir='ltr'><strong>Regis</strong></span> 
     </span>
     <span class='ocr_line' id='line_1_32' title="bbox 186 3918 1459 4060; baseline 0.002 -51"><span class='ocrx_word' id='word_1_253' title='bbox 186 3918 326 4060; x_wconf 42' lang='lat' dir='ltr'><strong>lilullr‘loe</strong></span> <span class='ocrx_word' id='word_1_254' title='bbox 352 3959 517 4014; x_wconf 90' lang='lat' dir='ltr'><strong>carectam</strong></span> <span class='ocrx_word' id='word_1_255' title='bbox 544 3960 578 4015; x_wconf 90' lang='lat' dir='ltr'><strong>et</strong></span> <span class='ocrx_word' id='word_1_256' title='bbox 605 3971 709 4034; x_wconf 93' lang='lat' dir='ltr'><strong>equos</strong></span> <span class='ocrx_word' id='word_1_257' title='bbox 732 3961 894 4033; x_wconf 86' lang='lat' dir='ltr'><strong>tanquam</strong></span> <span class='ocrx_word' id='word_1_258' title='bbox 918 3949 1143 4015; x_wconf 89' lang='lat' dir='ltr'><strong>deodandum.</strong></span> <span class='ocrx_word' id='word_1_259' title='bbox 1190 3950 1257 4015; x_wconf 91' lang='lat' dir='ltr'><strong>Sed</strong></span> <span class='ocrx_word' id='word_1_260' title='bbox 1282 3950 1336 4013; x_wconf 92' lang='lat' dir='ltr'><strong>ille</strong></span> <span class='ocrx_word' id='word_1_261' title='bbox 1359 3950 1459 4013; x_wconf 82' lang='lat' dir='ltr'><strong>irater</strong></span> 
     </span>
    </p>
   </div>
   <div class='ocr_carea' id='block_1_24' title="bbox 186 4052 1460 4160">
    <p class='ocr_par' dir='ltr' id='par_1_24' title="bbox 186 4052 1460 4160">
     <span class='ocr_line' id='line_1_33' title="bbox 186 4052 1460 4160; baseline -0.002 -41"><span class='ocrx_word' id='word_1_262' title='bbox 186 4069 328 4160; x_wconf 50' lang='lat' dir='ltr'><strong>:3quth</strong></span> <span class='ocrx_word' id='word_1_263' title='bbox 352 4052 514 4137; x_wconf 88' lang='lat' dir='ltr'><strong>A[lanus]</strong></span> <span class='ocrx_word' id='word_1_264' title='bbox 544 4056 725 4137; x_wconf 89' lang='lat' dir='ltr'><strong>prudenter</strong></span> <span class='ocrx_word' id='word_1_265' title='bbox 754 4054 833 4136; x_wconf 88' lang='lat' dir='ltr'><strong>egit,</strong></span> <span class='ocrx_word' id='word_1_266' title='bbox 858 4065 893 4118; x_wconf 92' lang='lat' dir='ltr'><strong>et</strong></span> <span class='ocrx_word' id='word_1_267' title='bbox 923 4055 965 4118; x_wconf 90' lang='lat' dir='ltr'><strong>de</strong></span> <span class='ocrx_word' id='word_1_268' title='bbox 996 4074 1160 4118; x_wconf 89' lang='lat' dir='ltr'><strong>consensu</strong></span> <span class='ocrx_word' id='word_1_269' title='bbox 1191 4053 1396 4119; x_wconf 87' lang='lat' dir='ltr'><strong>coronatoris</strong></span> <span class='ocrx_word' id='word_1_270' title='bbox 1425 4063 1460 4116; x_wconf 87' lang='lat' dir='ltr'><strong>et</strong></span> 
     </span>
    </p>
   </div>
   <div class='ocr_carea' id='block_1_25' title="bbox 187 4159 1459 4270">
    <p class='ocr_par' dir='ltr' id='par_1_25' title="bbox 187 4159 1459 4270">
     <span class='ocr_line' id='line_1_34' title="bbox 187 4159 1459 4270; baseline -0.007 -42"><span class='ocrx_word' id='word_1_271' title='bbox 187 4169 323 4270; x_wconf 52' lang='lat' dir='ltr'><strong>{wem</strong></span> <span class='ocrx_word' id='word_1_272' title='bbox 351 4159 556 4222; x_wconf 87' lang='lat' dir='ltr'><strong>vicecomitis</strong></span> <span class='ocrx_word' id='word_1_273' title='bbox 579 4159 657 4223; x_wconf 85' lang='lat' dir='ltr'><strong>lecit</strong></span> <span class='ocrx_word' id='word_1_274' title='bbox 680 4159 864 4242; x_wconf 86' lang='lat' dir='ltr'><strong>appreciari</strong></span> <span class='ocrx_word' id='word_1_275' title='bbox 887 4177 990 4240; x_wconf 86' lang='lat' dir='ltr'><strong>equos</strong></span> <span class='ocrx_word' id='word_1_276' title='bbox 1013 4168 1048 4222; x_wconf 88' lang='lat' dir='ltr'><strong>et</strong></span> <span class='ocrx_word' id='word_1_277' title='bbox 1070 4168 1255 4238; x_wconf 83' lang='lat' dir='ltr'><strong>carectam3</strong></span> <span class='ocrx_word' id='word_1_278' title='bbox 1283 4167 1317 4222; x_wconf 91' lang='lat' dir='ltr'><strong>et</strong></span> <span class='ocrx_word' id='word_1_279' title='bbox 1341 4177 1459 4240; x_wconf 90' lang='lat' dir='ltr'><strong>appre-</strong></span> 
     </span>
    </p>
   </div>
   <div class='ocr_carea' id='block_1_26' title="bbox 186 4261 1461 4410">
    <p class='ocr_par' dir='ltr' id='par_1_26' title="bbox 186 4261 1461 4410">
     <span class='ocr_line' id='line_1_35' title="bbox 186 4261 1461 4410; baseline 0.002 -87"><span class='ocrx_word' id='word_1_280' title='bbox 186 4268 321 4410; x_wconf 49' lang='lat' dir='ltr'><strong>affl,</strong></span> <span class='ocrx_word' id='word_1_281' title='bbox 351 4265 429 4327; x_wconf 92' lang='lat' dir='ltr'><strong>ciati</strong></span> <span class='ocrx_word' id='word_1_282' title='bbox 461 4273 538 4328; x_wconf 91' lang='lat' dir='ltr'><strong>sunt</strong></span> <span class='ocrx_word' id='word_1_283' title='bbox 570 4285 628 4348; x_wconf 89' lang='lat' dir='ltr'><strong>per</strong></span> <span class='ocrx_word' id='word_1_284' title='bbox 658 4263 782 4345; x_wconf 87' lang='lat' dir='ltr'><strong>legales</strong></span> <span class='ocrx_word' id='word_1_285' title='bbox 813 4262 966 4326; x_wconf 90' lang='lat' dir='ltr'><strong>homines</strong></span> <span class='ocrx_word' id='word_1_286' title='bbox 996 4262 1039 4326; x_wconf 91' lang='lat' dir='ltr'><strong>ad</strong></span> <span class='ocrx_word' id='word_1_287' title='bbox 1066 4262 1150 4327; x_wconf 91' lang='lat' dir='ltr'><strong>duas</strong></span> <span class='ocrx_word' id='word_1_288' title='bbox 1177 4283 1314 4327; x_wconf 87' lang='lat' dir='ltr'><strong>marcas.</strong></span> <span class='ocrx_word' id='word_1_289' title='bbox 1360 4261 1461 4326; x_wconf 90' lang='lat' dir='ltr'><strong>Vnde</strong></span> 
     </span>
    </p>
   </div>
   <div class='ocr_carea' id='block_1_27' title="bbox 186 4367 1458 4461">
    <p class='ocr_par' dir='ltr' id='par_1_27' title="bbox 186 4367 1458 4461">
     <span class='ocr_line' id='line_1_36' title="bbox 186 4367 1458 4461; baseline 0.001 -32"><span class='ocrx_word' id='word_1_290' title='bbox 186 4369 331 4461; x_wconf 47' lang='lat' dir='ltr'><strong>glegffif·</strong></span> <span class='ocrx_word' id='word_1_291' title='bbox 352 4369 441 4433; x_wconf 89' lang='lat' dir='ltr'><strong>idem</strong></span> <span class='ocrx_word' id='word_1_292' title='bbox 463 4369 564 4433; x_wconf 82' lang='lat' dir='ltr'><strong>irater</strong></span> <span class='ocrx_word' id='word_1_293' title='bbox 584 4367 662 4432; x_wconf 87' lang='lat' dir='ltr'><strong>fecit</strong></span> <span class='ocrx_word' id='word_1_294' title='bbox 681 4369 896 4432; x_wconf 88' lang='lat' dir='ltr'><strong>securitatem</strong></span> <span class='ocrx_word' id='word_1_295' title='bbox 915 4369 959 4431; x_wconf 90' lang='lat' dir='ltr'><strong>de</strong></span> <span class='ocrx_word' id='word_1_296' title='bbox 980 4369 1054 4451; x_wconf 90' lang='lat' dir='ltr'><strong>ipsa</strong></span> <span class='ocrx_word' id='word_1_297' title='bbox 1074 4368 1217 4451; x_wconf 87' lang='lat' dir='ltr'><strong>pecunia</strong></span> <span class='ocrx_word' id='word_1_298' title='bbox 1238 4367 1403 4432; x_wconf 87' lang='lat' dir='ltr'><strong>soluenda</strong></span> <span class='ocrx_word' id='word_1_299' title='bbox 1424 4368 1458 4431; x_wconf 91' lang='lat' dir='ltr'><strong>in</strong></span> 
     </span>
    </p>
   </div>
   <div class='ocr_carea' id='block_1_28' title="bbox 0 0 1625 5059">
    <p class='ocr_par' dir='ltr' id='par_1_28' title="bbox 0 0 1625 5059">
     <span class='ocr_line' id='line_1_37' title="bbox 0 0 1625 5059; baseline 0 0"><span class='ocrx_word' id='word_1_300' title='bbox 0 0 1625 5059; x_wconf 95' lang='lat' dir='ltr'><strong> </strong></span> 
     </span>
    </p>
   </div>
  </div>
 </body>
</html>
