3234 5059
365 368 438 438 260
670 360 867 437 Hundred
886 361 936 459 of
953 362 1117 460 Stoplow
1344 356 1466 460 [noos

243 561 260 613 t.
278 561 349 624 1501)
363 548 473 613 reddit
510 547 553 613 ad
592 546 778 629 scutagium
818 546 890 629 .ij.d.
938 545 1067 611 Ibidem
1098 544 1199 609 debet
1228 543 1398 627 johannes
1427 543 1469 606 de

364 651 533 718 Teresseld
558 652 587 735 .j.
612 662 738 717 sectam
762 672 822 737 per
842 672 978 716 annum.
1025 652 1154 716 Ibidem
1178 650 1279 714 debet
1303 648 1470 712 Robertus

364 755 451 820 filius
466 756 596 820 Yuonis
612 756 640 838 .j.
657 766 782 821 sectam
804 777 864 839 per
879 776 1014 820 annum.
1059 754 1244 819 Abbatissa
1258 754 1301 817 de
1317 752 1470 817 Chateriz

363 869 455 924 tenet
470 859 499 941 .j.
515 860 628 925 hidam
645 871 731 924 terre
742 870 776 925 et
788 859 962 924 dimidiam
978 861 1021 924 de
1036 859 1136 923 feodo
1151 859 1298 943 episcopi
1316 857 1470 938 Elyensis

364 963 398 1027 in
414 961 552 1028 liberam
568 963 793 1029 elemosinam.

430 1066 624 1133 Landwade
646 1068 876 1153 [Landwadel
922 1068 1090 1132 Robertus
1112 1068 1155 1131 de
1174 1068 1356 1150 Hastinges
1379 1075 1470 1131 tenet

363 1171 405 1255 .ij.
440 1172 537 1237 hidas
572 1182 658 1237 terre
692 1173 878 1256 geldabiles
913 1172 956 1237 de
991 1173 1117 1237 honore
1152 1172 1377 1236 Richmondie
1413 1192 1471 1255 per

364 1276 539 1341 seruicium
570 1276 659 1342 leodi
686 1278 782 1342 vnius
809 1277 932 1355 militis,
957 1287 991 1342 et
1017 1277 1118 1341 debet
1143 1276 1173 1359 .j.
1203 1286 1339 1353 sectam,
1368 1274 1472 1338 etde
1505 1304 1509 1311 ·

364 1379 491 1444 auxilio
513 1380 717 1445 vicecomitis
739 1382 805 1464 .ij.s.

431 1483 855 1568 Sneylewelleffinailwell}
883 1484 1055 1567 Johannes
1066 1485 1110 1549 de
1121 1485 1216 1548 Vaus
1227 1492 1320 1547 tenet
1335 1481 1470 1545 feodum

363 1588 391 1652 .i.
408 1587 522 1652 militis
545 1590 588 1652 de
610 1588 748 1653 baronia
762 1587 923 1655 Willelmi
945 1586 989 1652 de
1012 1588 1113 1651 Perci.
1160 1586 1291 1651 Ibidem
1313 1595 1392 1650 sunt
1406 1585 1471 1667 iiij.

363 1688 442 1755 hide
471 1700 505 1755 et
534 1691 675 1755 dimidia
705 1691 899 1773 geldabiles,
924 1702 958 1754 et
987 1700 1062 1755 tota
1091 1690 1169 1755 villa
1199 1692 1242 1755 de
1273 1688 1471 1773 Sneylewell

363 1794 464 1859 debet
486 1795 514 1859 .i.
537 1805 672 1872 sectam,
696 1804 729 1859 et
752 1796 795 1861 de
817 1795 946 1860 auxilio
968 1796 1173 1861 vicecomitis
1193 1817 1259 1861 .v.r.

439 1898 553 1981 Wykes
589 1900 768 1984 [Wicken].
827 1899 1006 1983 Wymerus
1043 1900 1086 1964 de
1118 1900 1346 1984 Thorington¹
1379 1908 1471 1965 tenet

366 2002 500 2067 feodum
528 2002 556 2085 .j.
584 2004 698 2068 militis
728 2004 770 2067 de
800 2003 926 2068 honore
955 2004 1187 2070 Richmondie
1232 2004 1363 2069 Ibidem
1392 2014 1471 2069 sunt

363 2106 1471 2191 fflfflmmfflmfflmfflffli

366 2222 492 2277 sectam
516 2233 618 2296 quam
640 2212 813 2294 Johannes
835 2213 867 2277 le
889 2212 1059 2279 Siresman
1083 2213 1162 2278 iacit
1184 2234 1246 2297 pro
1267 2232 1317 2277 ea.

433 2317 560 2383 Saltum
575 2318 741 2402 [Soham].
789 2320 962 2383 Hubertus
982 2318 1026 2383 de
1047 2318 1160 2402 Burgo
1179 2327 1273 2382 tenet
1293 2316 1471 2382 dImidium

366 2420 454 2487 feodi
493 2422 606 2487 militis
636 2422 679 2487 de
708 2422 848 2486 domino
879 2422 981 2505 Rege.
1027 2422 1200 2505 Philippus
1231 2422 1351 2485 Basset
1378 2430 1473 2486 tenet

366 2524 500 2591 feodum
531 2528 559 2591 .i.
587 2525 711 2603 militis,
733 2535 767 2591 et
795 2524 960 2592 Radullus
987 2525 1029 2589 de
1056 2524 1182 2591 Saham
1212 2533 1305 2589 tenet
1335 2524 1471 2588 feodum

365 2629 494 2693 dimidii
518 2630 632 2696 militis
658 2631 700 2695 de
727 2630 854 2695 honore
881 2630 1113 2695 Richmondie.
1159 2629 1290 2694 Ibidem
1315 2638 1393 2693 sunt
1416 2629 1472 2693 .xi.

365 2735 443 2799 hide
465 2744 552 2799 terre
572 2735 764 2819 geldabiles.

429 2838 535 2904 Kenet
556 2838 745 2924 [Kennett].
792 2838 976 2904 Nicholaus
1002 2840 1046 2904 de
1076 2838 1188 2903 Kenet
1219 2848 1312 2903 tenet
1337 2838 1472 2902 feodum

365 2942 393 3026 .j.
418 2944 532 3008 militis
554 2952 589 3008 et
611 2944 741 3009 dimidii
764 2947 808 3009 de
831 2944 964 3009 Comite
984 2944 1027 3008 de
1045 2943 1200 3007 Warenh.
1247 2943 1377 3007 Ibidem
1393 2952 1473 3006 sunt

365 3047 419 3131 .iij.
445 3047 523 3113 hide
552 3057 586 3114 et
610 3048 752 3113 ommia
778 3069 845 3114 non
875 3048 1067 3132 geldabiles,
1099 3058 1134 3113 et
1163 3056 1236 3111 tota
1262 3047 1341 3111 vina
1371 3033 1489 3113 debet'

366 3159 501 3229 sectam,
524 3160 558 3216 et
580 3170 646 3216 non
670 3152 834 3226 auxilium
859 3153 1072 3218 vicecomitis.

440 3252 588 3319 Ysellaeam
604 3254 791 3341 [Isleham].
831 3256 1001 3321 Walterus
1012 3257 1056 3321 de
1067 3255 1310 3321 Donestanwill
1323 3264 1416 3321 tenet
1430 3256 1473 3340 .ij.

366 3366 478 3442 partes
500 3357 648 3424 eiusdem
667 3357 745 3423 ville
763 3379 823 3443 per
845 3360 1043 3424 serianciam
1061 3360 1105 3425 de
1123 3359 1249 3424 honore
1271 3359 1314 3423 de
1331 3358 1474 3423 Meldh'’

366 3482 434 3526 non
464 3461 656 3545 geldabiles
703 3462 833 3529 Ibidem
870 3473 964 3529 tenet
995 3464 1163 3528 Robertus
1193 3461 1280 3527 hlius
1310 3462 1472 3527 Willelmi

366 3565 530 3651 [feodum]
545 3566 675 3631 dimidii
697 3567 812 3633 militis
831 3569 874 3633 de
889 3568 1047 3653 episcopo
1069 3568 1314 3644 Roucestrensi‚
1329 3577 1364 3631 et
1373 3576 1473 3631 tenet

365 3672 394 3739 .i.
415 3671 529 3736 hidam
553 3680 587 3738 et
609 3671 792 3737 dimidiam.
839 3672 970 3737 Ibidem
995 3671 1163 3736 Robertus
1185 3680 1220 3736 et
1242 3670 1395 3735 homines
1420 3672 1472 3733 sui

365 3774 490 3842 debent
511 3774 540 3843 .i.
560 3786 696 3853 sectam,
715 3784 750 3841 et
771 3777 816 3842 de
837 3777 965 3842 auxilio
986 3775 1191 3840 vicecomitis
1211 3776 1288 3841 .xvi.
1309 3774 1474 3840 denarios.

366 3880 453 3948 clar.
499 3880 591 3944 Prior
627 3878 670 3945 de
708 3880 776 3965 Ely
805 3890 899 3946 tenet
927 3881 957 3947 .i.
986 3880 1100 3944 hidam
1138 3888 1225 3943 terre
1261 3880 1295 3942 in
1334 3878 1471 3945 liberam

365 3986 593 4054 elemosinam.

430 4090 549 4154 Parua
567 4086 718 4153 Yselham
730 4087 850 4172 [Little
868 4086 1037 4171 Isleham].
1068 4088 1236 4152 Walterus
1251 4086 1294 4151 de
1309 4086 1472 4152 Yselham

365 4203 458 4263 tenet
479 4194 556 4261 .xlv.
579 4212 671 4257 acras
694 4201 780 4257 terre
809 4191 853 4256 de
875 4191 1025 4257 Waltero
1054 4191 1098 4255 de
1129 4191 1384 4257 Dunestanuille
1414 4212 1474 4275 per

478 4364 488 4397 ¹
505 4364 657 4430 corrigitor,
671 4363 729 4415 MS.
762 4362 1089 4429 Thoringtorr=Thomton
1100 4362 1125 4413 le
1137 4362 1259 4421 Sternat,
1270 4360 1362 4412 Yorlrs.

479 4449 637 4507 'Mlleham
655 4448 770 4500 Norlolk.
