3234 5059
528 392 532 399 “
630 382 807 457 Conlenls
1215 409 1260 480 33

150 580 191 620 22.
231 569 304 622 Item
326 568 362 621 de
381 567 526 623 solucione
548 569 628 625 tirme
648 580 676 625 et
695 570 822 625 redditus
842 570 871 623 in
891 571 1013 625 Bertone
1030 581 1058 626 et
1079 573 1115 627 de
1135 571 1263 643 scutagio

291 656 429 710 soluendo
447 666 475 711 et
493 656 617 713 leuando
635 658 665 714 in
683 658 785 713 eadem
804 657 878 713 villa.

149 754 189 809 23.
229 744 274 797 De
287 744 411 813 quadam
424 745 543 800 collecta
555 746 631 801 lacta
642 746 672 800 in
684 746 751 800 villa
765 747 926 802 caldecote

149 842 189 892 24
228 830 275 882 De
287 829 448 885 tenentibus
460 831 561 900 prioris
573 834 602 886 in
617 832 792 903 Maddingle.

148 929 189 985 25.
229 919 275 971 De
287 918 376 973 libere
387 920 550 975 tenentibus
562 931 590 975 et
602 921 781 976 custumariis
794 922 822 975 in
836 921 902 977 villa
915 923 951 977 de
964 923 1182 993 Driedraytone.

147 1005 189 1059 26.
229 1006 274 1059 De
286 1006 447 1061 tenentibus
459 1008 561 1078 prioris
573 1008 602 1063 in
614 1009 818 1078 Wythlislorde
830 1021 858 1065 et
873 1011 996 1081 Philippi
1008 1012 1046 1067 de
1058 1014 1225 1081 Syreburne.

147 1103 190 1157 27.
230 1092 274 1147 De
291 1094 453 1149 tenentibus
470 1104 498 1149 et
514 1096 672 1152 redditibus
689 1097 790 1168 prioris
806 1096 836 1151 in
851 1098 1019 1167 Wigenhale
1035 1100 1114 1154 etde
1133 1102 1261 1171 scutagio

289 1192 317 1237 et
336 1184 479 1239 seruitute.

146 1268 188 1322 28.
227 1271 274 1325 De
286 1270 443 1326 redditibus
455 1271 671 1342 particularibus
684 1272 867 1328 exterioribus
880 1274 908 1329 in
922 1274 1011 1345 axvij.
1025 1274 1106 1331 villis.

145 1372 187 1426 29.
227 1359 273 1413 De
285 1359 442 1415 redditibus
454 1360 483 1414 in
495 1361 563 1416 villa
574 1361 611 1416 de
625 1363 796 1418 Bemewelle
808 1372 836 1418 et
849 1363 1073 1433 operacionibus.

169 1609 174 1616 .
236 1548 441 1615 lucremur
463 1563 652 1616 caritura
675 1566 776 1615 erem
799 1564 940 1617 ocrnur
966 1566 1014 1617 er
1036 1566 1178 1617 vuarim.

214 1702 253 1766 In
275 1702 361 1766 libro
381 1714 503 1767 octauo
523 1704 737 1767 continentur
757 1724 817 1787 per
836 1704 989 1769 ordinem
1013 1705 1141 1769 rubrice
1163 1706 1259 1789 quin-

143 1808 307 1889 quaginta
332 1818 366 1871 et
392 1816 530 1890 septem.
578 1807 624 1871 Et
650 1807 839 1871 intitulatur
865 1807 920 1871 ille
947 1808 1031 1872 liber
1060 1808 1193 1873 libellus
1216 1811 1259 1874 de

143 1911 370 1975 obseruanciis
397 1911 610 1994 regularibus.
656 1910 725 1976 Sed
750 1911 829 1993 quia
857 1912 889 1975 in
917 1912 1081 1995 principio
1108 1913 1257 1976 eiusdem

144 2012 219 2075 libri
249 2013 338 2077 dicte
368 2014 497 2078 rubrice
527 2013 675 2097 plenarie
705 2025 739 2077 et
769 2034 829 2096 per
859 2015 1010 2077 ordinem
1047 2014 1259 2078 intitulantur

143 2118 349 2202 superfluum
362 2119 530 2183 videretur
541 2120 575 2182 in
592 2119 655 2182 hac
667 2118 783 2182 tabula
800 2120 888 2201 ipsas
905 2119 1054 2181 inserere.
1091 2118 1258 2183 Dominus

145 2223 246 2305 igitur
270 2243 290 2286 a
314 2243 382 2305 quo
408 2231 442 2286 et
467 2223 500 2285 in
528 2242 596 2304 quo
622 2231 657 2285 et
680 2243 739 2305 per
761 2242 862 2305 quem
885 2231 963 2286 sunt
986 2223 1100 2285 omnia
1122 2231 1256 2304 ceptum

145 2347 229 2410 opus
266 2325 361 2390 finiat
395 2336 430 2389 et
465 2334 597 2389 tantum
634 2325 781 2388 laborem
816 2326 968 2408 scriptori
1001 2337 1189 2389 remuneret
1224 2338 1257 2390 et

146 2429 263 2494 iratres
285 2431 329 2494 ab
352 2430 445 2493 omni
469 2427 560 2492 malo
582 2428 751 2493 defendat.
797 2428 919 2493 Amen.

198 2576 294 2649 [Anno
306 2578 384 2648 regni
396 2576 471 2647 regis
485 2574 643 2648 E[dwardi]
655 2576 734 2646 tercij
747 2594 765 2631 a
777 2589 941 2649 conquestu.

197 2664 366 2737 [l]ncipiunt
378 2664 502 2736 capitula
514 2664 582 2718 noni
594 2663 658 2718 libri
668 2664 735 2719 facti
746 2674 873 2735 tempore
884 2665 1027 2738 Radulphi
1041 2666 1077 2722 de
1094 2668 1256 2736 Northyton

145 2754 250 2809 Prioris
262 2764 290 2809 et
302 2754 365 2808 Ade
379 2755 406 2807 N
409 2754 476 2808 oket
489 2752 673 2807 seneschalli.

200 2846 233 2898 ln
246 2843 351 2914 primis.

197 2929 267 3002 [D]e
278 2928 395 2987 terrario
408 2939 481 2984 terre
495 2928 612 2983 Hemici
625 2928 814 2983 Attecrouche
827 2928 855 2982 in
871 2929 1063 2986 Hardlestone
1075 2942 1104 2986 et
1116 2941 1204 3000 prato.

196 3017 266 3090 [D]e
278 3035 411 3089 processu
425 3016 551 3071 eiusdem
564 3033 650 3087 quare
663 3016 739 3071 venit
752 3034 802 3086 per
814 3016 1019 3089 escaet[orem].

195 3105 266 3178 [D]e
278 3107 390 3161 redditu
402 3115 431 3160 et
443 3104 524 3159 firma
535 3103 565 3158 in
577 3103 679 3159 eadem
691 3103 758 3157 villa
769 3116 797 3158 et
809 3104 1041 3161 resolucionibus.

196 3193 267 3267 [DJc
279 3195 374 3265 quieta
386 3191 545 3247 clamantia
557 3190 665 3246 domini
678 3191 715 3246 de
727 3190 879 3261 Tippetolt.

195 3279 266 3353 [D]e
278 3292 411 3351 compoto
423 3279 534 3335 decime
546 3277 661 3334 biennio
673 3296 749 3333 anno
761 3278 838 3334 xxv¹⁰
850 3279 1021 3353 concesse.]¹

294 3471 471 3535 Summons
492 3481 523 3534 to
544 3470 659 3533 atund
677 3469 729 3533 the
749 3468 878 3533 electiora
900 3471 942 3551 of
954 3492 976 3534 a
998 3470 1107 3535 Prior.

207 3625 299 3709 [Hec
324 3634 376 3688 est
401 3624 498 3708 copia
524 3624 696 3687 citacionis
723 3633 860 3707 propter
890 3626 1069 3689 canonicos
1100 3625 1252 3690 citandos
1266 3634 1282 3683 t.
1298 3636 1350 3686 rob

138 3730 185 3795 ad
207 3730 409 3794 eleccionem
430 3728 493 3792 sub
511 3730 646 3793 nornine
666 3728 874 3811 presidentis,
895 3738 929 3793 et
949 3730 1058 3813 sigillo
1081 3732 1131 3793 sui
1152 3730 1251 3794 officii

137 3833 346 3917 sigillabitur.

195 3987 232 4040 N.
249 3987 286 4039 N.
304 3984 433 4040 Ecclesie
451 3983 646 4039 conuentualis
665 3983 702 4039 de
722 3983 877 4039 Bemewell
897 3984 1020 4040 Eliensis
1040 3986 1170 4042 Diocesis
1189 4004 1250 4059 pre-

136 4075 236 4131 sidens
260 4072 396 4143 legittime
421 4073 527 4127 electus
551 4083 579 4128 et
607 4089 641 4126 ex
664 4071 870 4127 consuetudine
894 4072 1021 4128 eiusdem
1047 4076 1175 4130 Ecclesie
1199 4077 1250 4131 rite

136 4164 286 4220 ordinatus
305 4174 334 4218 et
354 4164 507 4234 deputatus
527 4162 589 4232 ipso
610 4162 738 4217 Prioratu
757 4179 808 4232 per
826 4163 944 4217 liberam
963 4164 1187 4234 resignacionem
1205 4164 1250 4219 vel

136 4269 189 4323 per
201 4260 322 4306 mortem
339 4250 457 4305 Domini
471 4251 508 4304 N.
523 4251 560 4303 N.
574 4248 664 4305 ultimi
682 4250 787 4305 Prioris
800 4259 920 4305 vacante
935 4253 970 4305 N.
986 4253 1022 4306 N.
1036 4252 1140 4307 nuncio
1152 4262 1249 4307 nostro

463 4406 473 4438 ¹
492 4408 523 4458 ln
534 4424 550 4457 e
561 4408 629 4458 hand
640 4408 670 4458 oi
677 4408 720 4459 the
735 4409 793 4471 r4tb
804 4417 915 4473 oentury.

219 4524 246 4568 c.
1150 4528 1167 4585 3
