3234 5059
366 355 437 427 208
515 353 633 427 Rules
659 362 695 428 to
720 353 760 426 be
785 351 959 427 obsemcd
979 352 1022 447 by
1047 351 1320 449 taxgatlrerers
1350 349 1468 448 [Boou

443 554 487 619 14
533 538 727 602 Promracio
748 559 857 603 coram
881 538 1101 620 Wyntomtnsi
1121 549 1152 602 ct
1172 537 1395 602 Lincolniemi

827 643 999 726 Epncopn.

198 765 319 818 Appotnt-
417 767 630 824 venerabilibus
655 769 684 823 in
709 770 824 824 Christo
848 771 975 841 patribus
1000 769 1115 826 domino
1134 768 1282 841 J[ohanni]
1304 770 1348 825 dei
1373 771 1469 840 gracia

197 813 304 909 ffiss‘
362 856 559 923 Wyntoniensi
569 855 755 928 episcopo¹et
765 854 1010 928 O[livero]eadem
1019 859 1115 928 gracia
1126 859 1316 914 Lincolniensi
1324 858 1470 931 episcopo¹

199 916 331 1016 {³122}ssss
363 944 558 1000 executoribus
578 961 662 1016 super
680 945 799 1001 decimis
817 957 846 1000 et
864 945 1087 1003 obuencionibus
1106 947 1222 1000 domino
1242 947 1401 1000 Eadwardo
1423 946 1468 1000 dei

198 1016 332 1109 gfffim
362 1033 458 1101 gracia
489 1033 559 1102 Regi
583 1031 686 1101 Anglie
711 1033 739 1086 in
772 1033 930 1088 subsidium
961 1045 1033 1090 terre
1062 1043 1161 1088 sancte
1185 1033 1329 1088 concessis
1354 1051 1371 1086 a
1402 1034 1470 1089 sede

197 1117 313 1210 {Rssffim
363 1122 519 1190 apostoIIca
543 1121 686 1190 deputatis
712 1121 755 1176 sui
780 1122 901 1176 humiles
925 1132 954 1176 et
978 1119 1074 1176 deuoti
1100 1119 1179 1176 Prior
1202 1131 1231 1175 et
1255 1131 1411 1174 conuentus
1433 1121 1469 1174 de

198 1217 304 1260 teneret
365 1209 533 1262 Bernewelle
546 1209 678 1278 Elyensis
690 1210 837 1264 dioceseos
850 1210 970 1264 salutem
983 1208 1011 1264 in
1024 1209 1140 1264 domino
1152 1209 1361 1280 sempiternam.

198 1269 240 1310 the
251 1267 319 1320 1¹1on
517 1295 544 1308 ..
786 1297 791 1308 .
816 1297 821 1308 .
969 1297 975 1308 .
1155 1298 1161 1309 .
1413 1297 1418 1308 .

198 1318 314 1369 unm
418 1297 562 1352 Nouentrs
583 1297 660 1367 quod
679 1297 716 1352 ad
738 1297 929 1368 recipiendum
950 1314 1011 1352 vice
1033 1307 1061 1352 et
1085 1313 1200 1351 nomme
1224 1307 1322 1351 nostro
1345 1297 1469 1351 officium

201 1369 271 1420 ’ω’
281 1379 339 1422 ¹²⁹²·
363 1381 512 1453 colligendi
526 1384 666 1438 decimam
678 1383 714 1438 de
727 1383 842 1438 ciuitate
854 1396 882 1438 et
894 1382 1000 1437 diocesi
1019 1383 1136 1453 Elyensi
1155 1400 1188 1438 ex
1207 1383 1290 1438 bonis
1308 1383 1469 1452 temporali-

363 1468 415 1522 bus
429 1468 641 1536 prouenientem
654 1483 672 1520 a
684 1467 764 1521 vobis
777 1484 827 1522 seu
840 1466 1042 1538 commissarijs
1061 1468 1170 1535 uestris,
1188 1466 1322 1522 dilectum
1339 1466 1422 1521 nobis
1440 1466 1469 1521 in

364 1555 476 1611 Christo
500 1554 648 1610 dominum
674 1556 831 1610 Robertum
856 1555 892 1610 de
919 1555 1064 1610 Hokitone
1089 1555 1259 1610 canonicum
1289 1565 1416 1609 nostrum
1440 1563 1470 1608 et

363 1643 509 1698 sacristam
523 1644 641 1698 ecclesie
654 1653 749 1699 nostre
761 1644 797 1700 de
812 1644 983 1699 Bernewelle
995 1655 1205 1714 procuratorem
1217 1653 1346 1699 nostrum
1358 1643 1470 1698 ordina-

363 1747 434 1795 mus,
448 1728 575 1797 iacimus,
588 1739 617 1784 et
633 1731 831 1785 constituimus
846 1747 897 1798 per
914 1740 1068 1800 presentes,
1080 1730 1182 1786 dantes
1194 1731 1287 1786 eidem
1300 1741 1469 1801 potestatem

363 1816 391 1870 in
405 1815 515 1871 animas
528 1825 639 1871 nostras
645 1817 758 1886 jurandi
771 1817 809 1871 ad
823 1817 929 1872 dictam
947 1817 1089 1872 decimam
1107 1817 1225 1873 fideliter
1243 1819 1358 1872 domiue
1376 1831 1470 1872 uestro

364 1903 561 1973 colligendam,
580 1913 608 1958 et
626 1903 723 1959 omnia
741 1903 797 1959 alia
815 1903 937 1960 faciendi
956 1921 1011 1976 que
1029 1905 1106 1959 dicto
1124 1905 1217 1960 officio
1235 1905 1401 1960 Incumbunt
1420 1921 1470 1959 seu

364 1991 424 2047 eius
437 1993 637 2046 execucionem
649 2007 765 2061 quoquo
777 1991 864 2046 modo
877 1991 1030 2063 requirunt,
1044 2002 1135 2046 ratum
1147 1990 1294 2064 habitursi]
1312 2003 1340 2047 et
1358 2003 1470 2063 gratum

363 2078 512 2150 quicquid³
536 2079 627 2135 dictus
658 2077 823 2152 R[obertus]
853 2081 882 2134 in
912 2079 1058 2151 premissis
1088 2080 1202 2135 nomine
1233 2090 1330 2136 nostro
1359 2079 1470 2134 duxerit

362 2168 530 2223 laciendum.
568 2169 676 2224 Valete.
715 2171 822 2224 Datum
840 2166 868 2223 in
886 2168 1017 2238 Capitulo
1034 2177 1132 2223 nostro
1145 2169 1181 2224 de
1197 2170 1367 2225 Bernewelle
1381 2169 1469 2225 tercio

363 2256 426 2312 idus
441 2255 509 2326 Maij
525 2273 600 2312 anno
613 2255 720 2312 domini
734 2264 790 2312 m⁰.
801 2264 860 2311 cc⁰.
870 2257 1056 2326 nonagesimo
1068 2258 1201 2312 secundo.

726 2447 772 2512 15.
816 2431 967 2495 numu·
986 2431 1113 2496 traditi.

200 2544 278 2586 Rulee
283 2550 310 2587 to
320 2544 350 2586 be

198 2594 318 2636 „md
430 2559 573 2623 Articuli
590 2559 704 2623 traditi
720 2559 953 2624 collectoribus
969 2561 1097 2624 decime
1112 2561 1275 2625 bonorum
1291 2561 1469 2646 temporal-

198 2645 329 2737 {didin-
364 2667 441 2730 ium.
490 2664 527 2727 ln
552 2664 666 2748 primis
690 2664 774 2728 bene
797 2673 939 2728 caueant
961 2665 1024 2729 sibi
1047 2664 1238 2728 collectores
1260 2667 1350 2747 quod
1367 2665 1469 2729 talem

198 2744 303 2788 ⁰¹⁰⁰*
365 2778 535 2833 monetam
559 2768 719 2850 recipiant
743 2788 802 2850 pro
824 2788 892 2850 qua
915 2768 1032 2832 uolunt
1052 2769 1085 2831 in
1101 2769 1229 2832 omnia⁴
1248 2790 1308 2833 suo
1325 2771 1471 2853 periculo

364 2872 571 2956 respondere.
619 2871 703 2934 Item
726 2872 901 2955 pecuniam
927 2884 1093 2955 receptam
1114 2881 1188 2936 tuto
1209 2873 1283 2935 loco
1298 2883 1470 2955 reponant,

363 2985 397 3039 et
413 2977 474 3038 sub
490 2972 638 3058 periculo
653 2994 715 3036 suo
730 2973 872 3037 fideliter
887 2976 1085 3038 custodiant.
1133 2974 1218 3038 Item
1234 2974 1325 3056 quod
1347 2974 1470 3064 saciant

363 3079 509 3162 apochas
531 3077 739 3141 soluentibus
761 3077 804 3140 de
827 3078 967 3160 receptis
990 3079 1052 3140 sub
1074 3077 1190 3161 sigillis
1213 3079 1281 3143 suis
1303 3100 1378 3143 curn
1402 3079 1469 3144 dic·

364 3185 511 3248 tionibus
533 3191 648 3265 aperte
670 3183 802 3264 scriptis
833 3201 901 3245 non
924 3202 1000 3245 cum
1032 3181 1149 3246 litteris
1172 3183 1398 3247 numeralibus
1428 3204 1469 3247 ne

363 3309 408 3350 ex
424 3287 472 3350 eis
487 3286 666 3369 quicquam
684 3285 824 3350 dubium
837 3295 896 3350 aut
907 3285 1085 3350 obscurum
1102 3288 1134 3349 in
1151 3297 1320 3370 posterum
1337 3289 1469 3353 oriatur.

367 3391 452 3454 Item
482 3389 574 3472 quod
604 3390 765 3471 repriant
795 3389 838 3452 ad
870 3389 944 3472 plus
974 3410 1034 3472 pro
1063 3389 1212 3471 qualibet
1242 3391 1470 3474 acquietancia

364 3515 464 3559 vnum
496 3495 670 3558 denarium
701 3503 843 3570 tantum,
874 3495 921 3557 ita
957 3494 1049 3576 quod
1080 3493 1204 3557 subditi
1242 3515 1301 3576 per
1330 3496 1469 3560 iniustas

363 3599 563 3663 exacciones
580 3618 646 3662 non
658 3608 845 3681 grauentur.
892 3597 937 3662 Et
948 3597 1181 3661 nichilomInus
1192 3619 1292 3681 super
1302 3598 1471 3664 solucione
1490 3641 1492 3644 -

363 3703 493 3768 decime
509 3704 685 3786 registrum
703 3700 801 3784 plene
817 3711 852 3765 et
867 3711 981 3784 aperte
993 3701 1116 3766 saciant
1127 3701 1299 3779 conscribi,
1308 3705 1351 3766 ad
1361 3724 1472 3786 quem,

364 3817 433 3872 tarn
458 3807 490 3870 in
514 3817 674 3890 compoto
696 3807 871 3871 annuatim
895 3806 1074 3884 reddendo,
1089 3826 1191 3888 quarn
1215 3807 1247 3870 in
1271 3827 1349 3871 casu
1373 3809 1471 3872 arnis·

364 3911 467 3972 sionis
490 3909 627 3991 apoche,
651 3909 762 3972 ualeat
784 3908 914 3972 haberi¹
936 3929 1093 3984 recursus,
1116 3911 1164 3972 ita
1185 3911 1275 3992 quod
1302 3909 1470 3975 soluentes

364 4016 538 4097 registrum
563 4015 715 4090 uiderint,
732 4023 766 4077 et
789 4013 868 4076 inde
890 4013 1020 4097 copiam
1037 4012 1192 4087 habeant,
1207 4013 1234 4074 si
1250 4013 1312 4077 sibi
1329 4014 1471 4078 uiderint

363 4116 531 4201 expedire.

411 4245 420 4278 ¹
435 4245 504 4311 John
516 4243 545 4293 oi
554 4243 681 4300 Pontoise,
692 4243 735 4308 bp.
750 4242 779 4292 oi
788 4242 944 4292 Winchester
959 4244 1119 4306 rods-1304
1132 4242 1167 4302 (d.
1183 4262 1198 4304 4
1210 4243 1296 4302 Dec).

410 4325 421 4356 ¹
437 4325 524 4377 Oliver
534 4325 634 4384 Sutton,
648 4325 690 4390 bp.
703 4325 732 4374 os
741 4324 849 4375 Lincoln
863 4326 1023 4388 ratio-1299
1033 4325 1070 4384 (d.
1085 4340 1114 4388 ¹3
1127 4323 1216 4384 Non).

409 4407 420 4441 ³
435 4408 556 4477 quicquit,
571 4409 629 4459 MS.
819 4407 831 4440 ⁴
846 4423 956 4465 omnem,
970 4407 1026 4458 MS.
1191 4405 1202 4438 ¹
1219 4407 1320 4468 hebere,
1335 4407 1392 4462 MS.
