3234 5059
338 338 410 409 ²70
611 308 805 385 Hundred
825 304 875 401 of
891 302 1163 377 Normancross
1323 276 1448 376 [soox

334 504 422 568 viliis
445 512 536 569 tenet
555 501 584 584 J.
605 502 648 565 de
669 495 814 564 Grauele
836 491 971 557 feodum
994 484 1059 566 iiij.
1083 478 1186 563 partis
1206 472 1236 556 .j.
1261 462 1386 533 militis
1407 456 1450 521 de
1590 469 1592 570 p

336 607 434 671 feodo
451 605 611 670 Bullonie.
643 604 729 667 Item
742 598 805 684 [in]
817 596 943 662 eisdem
956 589 1043 655 villis
1054 578 1274 649 Theobaldus
1291 572 1339 635 de
1351 562 1451 682 Leky

336 723 429 777 tenet
451 711 586 775 feodum
608 716 727 792 quarte
749 703 855 788 panis
877 700 906 782 .j.
930 694 1044 761 militis
1066 691 1109 755 de
1130 683 1230 750 feodo
1256 674 1429 794 Bpliome.
1593 757 1594 788 1

405 812 580 881 Cestretone
594 806 834 897 [Chesterton].
869 798 1022 885 Nigellus
1037 795 1080 859 de
1095 778 1344 855 Amandeuille
1359 778 1454 839 tenet
1593 795 1594 804 ¹

338 917 473 984 feodum
490 918 518 1000 .j.
535 916 649 981 militis
665 916 707 979 de
724 914 824 979 feodo
836 906 998 974 Bullonie.
1044 900 1084 963 In
1097 892 1217 960 eadem
1232 889 1397 967 Rogems
1411 876 1455 937 de

338 1024 499 1091 Canteleu
516 1035 550 1089 et
568 1023 734 1087 Henricus
749 1021 792 1085 de
809 1009 998 1081 Waldeield
1020 1010 1137 1072 tenent
1157 994 1298 1061 feodum
1320 980 1456 1051 dimidii
1595 1045 1596 1068 χ

1129 1102 1228 1168 hidas
1251 1086 1456 1181 geldabiles.

341 1234 436 1298 Idem
455 1233 607 1315 Rogerus
623 1242 657 1296 et
676 1228 842 1295 Henricus
857 1224 982 1289 debent
997 1217 1026 1299 .j.
1041 1222 1178 1279 sectam.

404 1335 592 1402 Alwaltonc
617 1334 827 1421 [Alwalton].
872 1328 1003 1393 Flixton
1033 1311 1209 1404 [Fletton].
1255 1303 1385 1423 Abbss
1415 1293 1458 1357 de

341 1443 453 1523 Burgo
476 1450 569 1505 tenet
591 1441 743 1505 maneria
766 1440 799 1503 in
822 1432 1014 1501 elemosina.
1300 1511 1309 1526 ο

406 1544 567 1607 Euertone
611 1542 743 1605 Wauter
778 1542 911 1626 [Orion
942 1522 1158 1606 wateville}
1212 1516 1379 1626 Warmus
1416 1502 1458 1566 de

340 1648 478 1711 Vernun
505 1656 597 1710 tenet
622 1645 756 1709 feodum
783 1615 937 1711 dimidiiN
982 1634 1062 1699 {litis
1088 1623 1187 1692 Simul
1214 1636 1292 1683 cum
1321 1605 1459 1692 N¹ge¹¹⁰

341 1754 383 1817 de
396 1750 642 1815 Amandeuille„
683 1750 727 1813 Et
743 1761 821 1814 sunt
837 1751 882 1815 ibi
899 1774 937 1818 .v.
949 1753 983 1815 hi

341 1856 442 1920 debet
458 1874 559 1919 vnam
576 1864 710 1918 sectam.

407 1960 568 2024 Euertone
603 1957 795 2041 LungsuilJ,
830 1957 953 2041 [Orton
994 1958 1113 2039 Longu

344 2061 1118 2146 mmffimammsmmss
1239 2028 1463 2099 fflfflwff

344 2177 436 2232 tenet
459 2189 496 2231 .v.
518 2168 615 2231 hidas
640 2167 825 2249 geldabiles
851 2178 886 2231 et
908 2167 1010 2231 debet
1032 2167 1060 2248 .j.
1084 2177 1219 2231 sectam.

221 843 324 911 i.154b

408 2270 618 2354 Botulfbrzgre
632 2271 793 2355 [Botulph
819 2269 963 2353 Bridge].
1010 2270 1219 2353 Reginaldus

342 2386 454 2442 custos
480 2377 611 2441 heredis
635 2376 794 2440 Willelmi
822 2375 864 2438 de
891 2374 1018 2457 Ginges
1043 2386 1136 2439 tenet
1158 2376 1200 2458 ij.
1224 2396 1285 2459 par
1392 2444 1400 2456 ,

342 2441 1456 2565 smmaemeefflmffimmfflssffl

417 2584 637 2670 Wpdpstone
657 2582 903 2666 [Woodstone].
950 2584 1068 2649 Abbas
1090 2587 1133 2649 de
1154 2585 1342 2667 Thorneya

343 2692 527 2755 manerium
556 2690 588 2752 in
619 2689 723 2753 libera
752 2689 943 2753 elemosina„
988 2689 1035 2754 Et
1064 2689 1163 2753 Eudo
1193 2692 1236 2753 de
1266 2692 1333 2754 ead

344 2795 521 2878 participes
544 2794 594 2857 sui
618 2792 743 2856 debent
765 2812 866 2855 vnam
890 2802 1025 2857 sectam.

410 2897 550 2962 Selitone
565 2894 726 2980 [StiltonJ.
771 2894 884 2960 Alicia
902 2896 945 2960 de
962 2896 1179 2961 Amandeuill
1200 2906 1292 2960 tenet
1313 2897 1347 2961 se

342 3003 472 3066 dimidii
496 3000 609 3064 militis
633 3008 774 3081 excepta
798 3008 881 3063 .xe
905 3009 1008 3081 parte,
1031 3009 1064 3062 et
1088 2999 1190 3063 debet
1212 2998 1241 3081 .j.
1265 3010 1359 3064 secta
1449 3061 1455 3073 ,

341 3116 433 3171 tenet
456 3106 509 3188 iij.
532 3104 629 3168 hidas
652 3102 846 3185 geldabiles.
891 3103 1041 3166 Thomas
1063 3103 1107 3166 de
1134 3102 1260 3167 Stilton
1287 3112 1322 3165 et
1349 3125 1396 3187 pa
1458 3095 1468 3105 ’

341 3212 431 3295 cipes
446 3211 497 3274 sui
513 3216 631 3273 tenent
646 3206 781 3271 feodum
799 3208 828 3290 .j.
846 3209 960 3271 militis
975 3210 1019 3272 de
1033 3210 1192 3292 episcopo
1213 3208 1456 3277 Lincolniensi.

409 3312 608 3397 Stangrund
620 3310 890 3395 [Standground]
927 3361 934 3375 .
980 3311 1344 3394 AbbasdeThorneya
1358 3323 1455 3379 tenet

406 3415 612 3481 Faresheusd
624 3414 772 3499 [Farcet]
932 3416 1023 3481 dicta
1039 3417 1187 3480 maneria
1205 3417 1238 3478 in
1260 3416 1364 3481 libera
1385 3419 1453 3482 eie-

401 3520 530 3606 Jakelle
543 3518 709 3604 [Yaxley]
933 3520 1071 3583 mosina„
1148 3520 1187 3582 ln
1254 3520 1451 3602 Stangrund

407 3636 441 3689 et
456 3624 596 3689 Hadone
612 3622 793 3705 [Haddon]
933 3623 1144 3688 Thurstanus
1213 3623 1273 3707 [et]
1344 3625 1451 3709 Hugo

343 3730 479 3795 Gemun
500 3727 624 3793 debent
648 3728 676 3810 .j.
700 3737 835 3791 sectam.
883 3728 921 3791 In
944 3728 1056 3812 Jakell
1076 3728 1248 3812 Johannes
1269 3730 1299 3792 le
1322 3730 1393 3812 Eyr
1416 3742 1451 3794 et

343 3834 453 3899 Alicia
473 3834 515 3897 de
537 3832 658 3896 Boleur
679 3831 779 3915 s[ilia]
798 3832 924 3896 debent
944 3832 973 3913 .j.
989 3841 1125 3896 sectam.
1171 3834 1211 3896 In
1232 3835 1350 3897 eadem
1370 3835 1450 3897 villa

342 3940 471 4004 Ysolda
487 3948 520 4001 et
535 3956 663 4001 sorores
680 3958 737 4000 sue
754 3938 880 4000 debent
896 3937 925 4018 .j.
940 3946 1076 4001 sectam.
1117 3936 1155 4000 In
1174 3936 1323 4001 Haddoii
1338 3940 1449 4003 Alicia

341 4045 384 4107 de
402 4042 551 4107 Haddon
566 4040 667 4104 debet
683 4060 782 4105 vnam
800 4051 935 4105 sectam.

407 4144 793 4227 Morbumefflorborn}
820 4144 938 4209 Abbas
948 4144 990 4208 de
1002 4145 1337 4229 Croyland¹tenet‚et
1347 4146 1447 4211 debet

342 4255 369 4316 .i.
386 4262 511 4315 sectam
530 4262 563 4314 et
579 4253 761 4332 wardpeny
776 4260 809 4313 et
826 4251 869 4313 de
885 4250 1012 4313 auxilio
1027 4252 1232 4314 vicecomitis
1248 4252 1328 4334 .xj.s.
1343 4252 1447 4334 quad·

342 4368 478 4422 tantem.

782 4480 791 4513 ¹
809 4483 930 4545 cruland,
942 4484 998 4534 sis.
