3234 5059
170 369 226 470 ιν]
393 371 469 445 The
495 371 678 446 Nonm'ch
712 371 906 456 Taxation,
942 375 1035 464 1256
1207 395 1273 464 193

170 557 305 614 Omnium
326 559 494 612 Sanctorum
517 556 552 611 de

206 647 344 701 Stantone
573 643 646 714 .xxij.
678 659 756 698 marc
823 643 958 699 vicesima
1030 662 1081 698 .xv.
1095 645 1138 697 sol

169 733 267 790 Sancti
319 731 469 787 Michaelis
518 731 553 786 de

206 822 344 877 Stantone
573 838 607 874 .x.
698 857 713 886 „

170 909 390 979 Wyuelingham
571 907 643 965 ,xxii
696 947 713 975 ,‚

171 996 331 1052 Cotenham
572 995 673 1050 ,xxxiii
696 1035 712 1062 „

172 1086 251 1141 Prior
274 1084 311 1139 de
334 1084 504 1140 Bernewelle
526 1085 556 1139 in

206 1174 306 1229 eadem
576 1191 628 1227 .xv.
678 1174 719 1228 sol

170 1263 269 1317 Abbas
283 1261 453 1330 croylandie
573 1260 599 1329 .j.
676 1277 753 1314 marc

171 1351 269 1406 Sancti
290 1349 403 1405 Andree
424 1350 461 1405 de
481 1349 556 1419 Hys-

206 1448 273 1494 tone
573 1437 635 1491 .xvi.
696 1475 712 1504 „

173 1527 252 1581 Piior
261 1527 297 1582 de
309 1525 406 1581 Hake¹
417 1524 445 1581 in
454 1525 554 1581 eadem
572 1525 609 1595 .ij.
699 1565 715 1593 ‚,

172 1615 252 1670 Prior
274 1615 309 1670 de
333 1615 505 1671 Bernewelle
527 1614 556 1668 in

207 1702 307 1758 eadem
575 1701 612 1772 .ij.
698 1741 715 1770 „

173 1792 277 1846 Sancte
312 1790 485 1846 Etheldrede
521 1791 558 1845 de

208 1880 341 1948 Hystone
577 1895 629 1932 oor.
701 1917 717 1945 „

172 1968 271 2023 Abbas
284 1967 321 2022 de
337 1963 511 2035 Eynisham²
528 1965 556 2020 in

208 2057 309 2111 eadem
576 2053 634 2124 .iiij.
697 2093 714 2121 ‚‚

174 2145 305 2199 Ecclesia
317 2145 353 2199 de
367 2145 514 2213 Draytone
577 2161 646 2198 .xxv.
702 2183 718 2210 ,‚

172 2233 272 2287 Abbas
287 2231 457 2301 Croylandie
470 2231 499 2286 in
512 2248 556 2286 ea·

208 2319 275 2375 dem
577 2319 603 2372 .i.
699 2358 717 2386 „

175 2410 268 2463 Ouere
578 2425 649 2462 .xxv.
699 2446 716 2475 „

172 2497 271 2552 Abbas
291 2497 327 2552 de
348 2497 506 2566 Rameseye
526 2496 556 2552 in

208 2585 309 2640 eadem
576 2603 602 2656 0·
701 2624 718 2653 „

176 2674 359 2743 Maddingele
574 2693 627 2728 .xv.
699 2713 715 2742 ‚,

175 2763 311 2817 Grettone
575 2780 645 2817 .xxv.
665 2778 742 2816 marc
756 2772 783 2817 et
797 2762 857 2816 dim
875 2802 892 2831 ‚,

174 2850 273 2904 Abbas
295 2849 330 2904 de
353 2850 509 2919 Rameseye
529 2849 558 2903 in

209 2937 308 2992 eadem
577 2936 614 3006 .ij.
669 2953 746 2992 marc
759 2947 787 2991 et
799 2935 859 2990 dim
878 2975 894 3004 ,‚

177 3025 325 3095 Impetone
576 3023 658 3079 .xviii.
699 3063 716 3091 „
876 3063 893 3092 ‚,

176 3113 255 3168 Prior
267 3113 303 3168 de
317 3112 372 3183 Ely
384 3112 414 3167 in
426 3112 528 3168 eadem
576 3131 627 3168 .xx.
683 3113 725 3168 sol

176 3203 336 3273 Ramptone
577 3221 611 3256 .x.
680 3218 758 3256 marc

176 3290 255 3344 Prior
278 3290 313 3344 de
337 3290 506 3345 Bemewelle
528 3289 557 3342 in

209 3378 310 3432 eadem
578 3377 625 3446 .iij.
699 3417 715 3446 ,‚

177 3467 346 3522 landbeehe
577 3485 611 3520 .x.
702 3506 718 3533 „

176 3553 254 3609 Prior
269 3555 305 3610 de
322 3554 560 3623 Bermundiseya⁸

210 3643 238 3695 in
257 3643 358 3698 eadem
575 3663 610 3697 .x.
680 3644 722 3697 sol
878 3681 895 3710 „

177 3729 254 3784 Prior
278 3731 314 3784 de
337 3731 508 3786 Bemewelle
528 3730 557 3786 in

210 3818 310 3872 eadem
578 3838 631 3874 .xx.
702 3858 719 3887 .,
881 3858 897 3887 ,,

176 3905 341 3960 Cestertone
578 3907 604 3960 .l.
680 3923 759 3962 marc
878 3946 896 3976 ‚‚

241 4025 434 4092 Decanatus
450 4028 493 4091 de
510 4028 707 4113 Knapwelle

176 4131 297 4186 Grauele
578 4151 611 4185 .x.
681 4149 759 4187 marc
833 4131 969 4188 vicesima

177 4219 361 4289 Pappewrthe
374 4219 494 4289 Agnetis
579 4237 611 4275 .c.
682 4222 724 4275 sol
881 4260 898 4289 ‚,

223 4337 232 4368 ¹
251 4339 352 4405 Haghe,
366 4355 394 4389 or
406 4340 509 4405 Haugh‚
523 4340 704 4398 Lincoinshire.

221 4420 232 4454 ⁸
249 4422 429 4488 Bermondsey‚
444 4423 545 4489 Surrey.

256 4547 282 4597 C·

1032 819 1092 873 dim
1105 835 1183 874 marc

1032 907 1107 978 .xiiij.
1121 908 1163 962 sol
1179 907 1244 978 xiij.
1257 906 1276 960 d

1032 997 1103 1064 .xxij.
1117 997 1159 1050 sol

1033 1173 1076 1227 .ix.
1091 1172 1145 1227 den

1030 1260 1094 1330 xiij.
1109 1259 1164 1314 den

1031 1456 1065 1491 .x.
1079 1437 1122 1491 sol
1134 1437 1198 1490 xiii.
1212 1436 1230 1490 d

1033 1525 1095 1580 .xvi.
1109 1526 1166 1580 den

1034 1702 1097 1757 .xvi.
1109 1702 1166 1757 den

1037 1878 1064 1932 .i.
1078 1893 1156 1932 marc

1034 2053 1133 2124 .xxxiij.
1147 2052 1166 2107 d

1037 2144 1099 2197 .xvi.
1112 2159 1127 2196 s
1139 2141 1205 2196 ‚viii
1218 2141 1237 2195 d

1035 2318 1100 2373 ,viii
1115 2318 1171 2373 den

1034 2406 1097 2461 .xvi.
1111 2406 1154 2461 sol
1166 2405 1229 2460 .viii.
1243 2406 1262 2459 d

1036 2584 1101 2653 xiij.
1114 2584 1170 2639 den

1036 2692 1069 2727 .x.
1082 2673 1125 2727 sol

1035 2759 1117 2830 ‚xviii
1132 2759 1175 2813 sol
1192 2758 1247 2812 .iiii.
1261 2758 1280 2812 d

1037 2952 1088 2988 .xx.
1101 2933 1157 2989 den

1036 3021 1090 3076 .xii.
1104 3021 1146 3075 sol

1037 3110 1091 3164 .xii.
1105 3110 1161 3164 den

1036 3199 1095 3254 dim
1107 3215 1186 3253 marc

1036 3377 1072 3430 .ii.
1086 3376 1129 3430 sol

1038 3465 1097 3518 dim
1110 3479 1188 3518 marc
1295 3477 1313 3526 f.
1328 3476 1383 3539 7²¹)

1037 3640 1082 3710 .vj.
1096 3641 1153 3695 den

1039 3817 1094 3887 .xiJ.
1108 3817 1164 3872 den

1038 3904 1075 3975 .ij.
1089 3920 1167 3958 marc
1184 3912 1212 3958 et
1225 3902 1284 3957 dim

1040 4130 1099 4184 dim
1112 4147 1190 4184 marc

1040 4236 1073 4274 .v.
1088 4219 1130 4274 sol

948 4339 959 4373 ²
976 4341 1112 4408 Eynshom,
1128 4337 1235 4390 Suffolk.

1168 4549 1203 4611 ¹3

1298 4023 1413 4074 nunery
1425 4021 1453 4065 of

1298 4073 1441 4126 xnnpwen.
