3234 5059
262 416 266 421 .
362 366 429 417 112
559 345 681 445 Rzgflt
705 347 753 444 of
761 347 1020 445 presentation
1044 356 1081 423 to
1106 346 1242 421 church
1342 344 1462 446 [soon

762 664 811 710 20.
856 644 1060 709 Imotulucio.

190 808 308 851 nucem
318 808 340 852 t·
410 799 519 867 Assysa
530 798 607 854 venit
619 798 797 867 recognitum
810 796 873 868 quis
890 798 1046 853 aduocatos
1059 806 1186 867 tempore
1198 796 1277 868 pacis
1290 796 1462 867 presentauit

189 858 343 953 ἓξξζᾙῗξῗ
357 884 485 939 ultimam
507 902 659 956 personam
683 903 738 956 que
766 895 879 941 mortua
907 895 950 941 est
979 886 1016 939 ad
1045 885 1195 941 ecclesiam
1223 886 1259 941 de
1284 886 1441 955 Byrtone
1433 902 1462 939 tn

191 959 315 1062 alm
359 971 520 1026 Kesteuene
533 988 589 1042 que
600 981 684 1026 vacat
700 982 752 1027 etc.
765 982 794 1027 et
811 971 889 1027 cuius
906 972 1128 1028 aduocacionem
1148 973 1228 1027 Prior
1243 973 1279 1027 de
1293 972 1463 1028 Bemewelle

190 1061 233 1103 me
242 1060 307 1103 wrtr.
355 1058 460 1113 clamat
472 1056 595 1130 [versus]
608 1058 766 1113 Robertum
777 1059 815 1114 de
829 1058 1034 1115 Brakenberwe
1046 1068 1074 1115 et
1086 1060 1161 1115 vnde
1173 1059 1242 1116 dicit
1254 1059 1350 1130 quod
1342 1070 1462 1131 ipsemet

355 1154 481 1218 tempore
510 1146 590 1217 pacis
617 1156 745 1217 tempore
773 1146 883 1202 domini
910 1146 1052 1220 H[enrici]
1076 1148 1151 1219 regis
1176 1148 1264 1219 patris
1288 1150 1362 1219 regis
1386 1166 1462 1204 nunc

354 1234 527 1305 presentauit
548 1235 691 1306 quendam
714 1236 856 1305 Rogerum
879 1236 914 1291 de
938 1236 1145 1307 Rauelingham
1167 1236 1298 1293 clericum
1321 1254 1403 1291 suum
1424 1238 1462 1293 ad

354 1324 475 1378 eandem
497 1324 647 1379 ecclesiam
669 1323 716 1393 qui
739 1325 775 1379 ad
797 1325 1042 1395 presentacionem
1064 1342 1144 1380 suam
1166 1325 1256 1379 luerat
1274 1324 1415 1380 admissus
1433 1336 1462 1382 et

355 1412 498 1467 institutus
511 1414 540 1467 in
553 1412 674 1467 eandem
691 1428 742 1482 per
758 1412 838 1467 cuius
856 1424 977 1468 mortem
989 1413 1117 1485 predicta
1129 1413 1249 1469 ecclesia
1261 1412 1347 1469 modo
1360 1424 1442 1469 uacat
1454 1433 1461 1481 ς

355 1510 383 1555 et
408 1500 550 1555 Robertus
573 1517 624 1571 per
648 1510 822 1555 attomatum
847 1518 929 1556 suum
951 1500 1027 1556 venit
1051 1511 1080 1557 et
1104 1502 1174 1557 dicit
1198 1500 1275 1571 quod
1299 1500 1361 1571 ipse
1385 1510 1462 1557 tenet

354 1588 512 1645 manerium
530 1589 567 1645 de
587 1592 711 1660 Byrtone
729 1590 767 1644 ad
784 1590 861 1659 quod
883 1590 1038 1646 aduocacio
1058 1589 1177 1645 ecclesie
1197 1588 1324 1661 predicte
1342 1589 1462 1660 pertinet

355 1678 527 1733 coniunctim
540 1696 605 1734 cum
617 1679 743 1750 quodam
755 1680 892 1750 magistro
904 1679 1055 1750 Radulpho
1067 1678 1125 1733 tilio
1139 1678 1256 1733 Roberti
1269 1678 1306 1733 de
1317 1677 1461 1746 Wykham

355 1767 556 1822 archidiacono
582 1768 730 1833 Bathonie‚
756 1785 806 1838 per
830 1767 1040 1824 leoflnmentum
1070 1768 1218 1823 cuiusdam
1249 1766 1381 1836 Hugonis
1412 1764 1460 1819 filii

355 1854 493 1920 Othonis;
512 1853 559 1925 qui
573 1854 690 1926 quidam
704 1855 873 1925 Radulphus
886 1872 942 1910 non
960 1856 1122 1911 nominatus
1139 1854 1168 1909 in
1185 1852 1273 1921 breui,
1285 1864 1313 1909 et
1332 1853 1393 1908 sine
1405 1870 1462 1925 quo

354 1959 412 1997 non
423 1952 516 2013 potest
530 1941 596 1997 inde
607 1944 779 2014 respondere
791 1953 819 1999 et
832 1943 975 2013 predictus
989 1943 1068 1999 Prior
1080 1960 1136 1998 non
1150 1953 1243 2015 potest
1254 1942 1309 1997 hoc
1321 1940 1460 1997 dedicere.

357 2031 425 2087 ldeo
444 2030 587 2101 predictus
608 2032 749 2087 Robertus
771 2030 838 2086 inde
858 2032 919 2085 sine
941 2032 986 2087 die
1006 2042 1035 2088 et
1056 2031 1134 2087 Prior
1153 2048 1204 2101 pro
1224 2030 1295 2085 salso
1313 2030 1416 2086 clamio
1432 2030 1461 2085 in

353 2118 546 2174 misericordia
558 2129 586 2173 et
598 2119 743 2190 perquirat
754 2137 785 2174 se
798 2137 850 2191 per
861 2119 938 2175 aliud
950 2120 1037 2175 breue
1050 2118 1073 2173 si
1086 2118 1213 2174 uoluerit.

357 2375 405 2422 21.
450 2358 555 2423 Prior
582 2356 772 2440 impetrauit
799 2356 898 2421 aliud
924 2355 1017 2419 breue
1041 2354 1100 2419 sub
1125 2355 1234 2419 eadem
1255 2356 1372 2437 forma
1397 2378 1461 2441 qua

433 2464 584 2545 primum
618 2462 712 2527 breue
736 2462 857 2543 suerat
891 2461 1099 2545 impetratum
1134 2460 1202 2524 nisi
1234 2461 1322 2544 quod
1350 2482 1461 2526 nomen

441 2566 597 2649 magistri
611 2565 813 2650 R[adulphi]
819 2566 939 2647 suerat
952 2566 1139 2647 appositum.
1184 2564 1288 2629 Breue
1292 2566 1460 2650 judiciale.

193 2738 316 2790 themna
410 2722 470 2777 Rex
488 2720 647 2777 vicecomiti
667 2721 812 2776 Lincolnie
831 2722 957 2776 salutern.
998 2710 1170 2791 Precipiinus
1189 2720 1239 2776 tibi
1258 2722 1335 2793 quod
1355 2722 1461 2778 habeas

192 2794 315 2881 {imarii
356 2807 1462 2879 coramJusticiarijsnostrisapudWestmonastenumincrastinoAscensionis

313 2893 463 2979 domini
476 2911 594 2966 corpora
609 2895 724 2950 Roberti
738 2895 773 2949 de
788 2894 941 2949 Retember
953 2893 989 2949 de
1001 2895 1063 2950 Tali
1066 2896 1225 2966 ,Johannis
1242 2896 1278 2951 de
1296 2898 1413 2965 Bugena
1425 2898 1462 2952 de

191 2989 234 3031 the
245 2988 314 3030 Prior
358 2982 452 3050 Corbi‚
477 2981 612 3037 Willelmi
638 2983 845 3052 Chamberleyn
875 2982 910 3036 de
940 2983 1048 3051 eadem,
1074 2984 1193 3039 Gilberti
1220 2985 1256 3039 de
1286 2986 1462 3055 Bylinggere,

191 3039 304 3132 ww
357 3070 467 3124 Thome
484 3070 532 3139 tilij
554 3070 685 3125 Nicholai
703 3069 739 3124 de
758 3072 876 3137 Estone,
892 3070 995 3140 Rogeri
1015 3070 1141 3140 Palefrey
1154 3072 1190 3126 de
1209 3072 1316 3140 eadem,
1332 3073 1461 3142 Hugonis

204 3090 274 3207 ²¹³⁸i.
287 3157 343 3221 4rb
358 3158 432 3213 Diue
446 3157 481 3213 de
493 3159 633 3228 Twyiord
646 3159 785 3231 Johannis
798 3160 834 3213 de
848 3160 1012 3227 Langetone
1024 3158 1060 3213 de
1074 3159 1189 3227 Baleby,
1204 3158 1318 3214 Ricardi
1334 3160 1369 3214 de
1384 3158 1461 3216 Cotis

355 3246 392 3301 de
411 3246 520 3312 eadem,
539 3246 658 3301 Galfridi
678 3245 813 3313 Bernard,
827 3256 878 3299 etc.
893 3244 1134 3315 recognitumrum
1151 3262 1280 3315 assysam
1292 3246 1388 3304 vltime
1400 3264 1461 3318 pre-

355 3333 528 3389 sentacionis
540 3351 626 3405 quam
640 3336 719 3389 Prior
731 3334 767 3389 de
781 3335 951 3389 Bernewelle
962 3333 990 3387 in
1003 3333 1080 3387 curia
1089 3344 1186 3387 nostra
1195 3350 1291 3388 coram
1301 3333 1462 3406 justiciarijs

356 3422 459 3478 nostris
468 3424 545 3493 apud
554 3424 840 3479 westmonasterium
848 3422 1011 3478 arramiauit
1020 3439 1117 3476 versus
1128 3422 1283 3476 Robertum
1293 3423 1329 3477 de
1340 3422 1462 3479 Bralren·

355 3512 456 3577 berre,
470 3520 498 3565 et
510 3510 676 3581 magistrum
691 3512 872 3582 Radulphum
891 3511 927 3566 de
940 3510 1091 3580 Wykham,
1105 3512 1141 3565 de
1157 3512 1277 3567 ecclesia
1290 3512 1325 3566 de
1340 3514 1462 3583 Bystone

356 3599 385 3653 in
400 3600 559 3654 Kesteuene
572 3615 626 3669 que
639 3609 721 3654 vacat
738 3609 768 3653 ut
785 3599 897 3666 dicitur,
911 3600 946 3653 ad
964 3598 1125 3654 faciendam
1142 3615 1271 3667 assysam
1284 3600 1369 3667 illam,
1385 3610 1412 3655 et
1425 3601 1461 3655 ad

354 3686 529 3741 audiendum
539 3686 677 3756 judicium
690 3704 772 3741 suum
785 3686 822 3741 de
834 3686 961 3757 pluribus
974 3684 1092 3741 defaltis.

411 3772 584 3845 Precipimus
605 3774 696 3829 eciam
714 3774 765 3829 tibi
785 3773 862 3843 quod
883 3783 924 3829 tot
945 3784 973 3829 et
994 3774 1064 3828 tales
1085 3783 1143 3828 tam
1162 3773 1265 3831 milites
1287 3791 1374 3844 quam
1392 3774 1462 3831 alios

356 3861 459 3915 liberos
471 3871 500 3916 et
512 3861 617 3931 legales
634 3861 763 3915 homines
780 3861 816 3914 de
830 3860 940 3915 visneto
957 3860 1084 3930 predicto
1097 3860 1126 3915 in
1139 3877 1267 3930 assysam
1282 3862 1359 3917 illam
1373 3880 1462 3933 ponas

355 3957 385 4005 et
407 3949 470 4004 illos
489 3949 596 4004 habeas
617 3965 713 4005 coram
735 3949 869 4019 predictis
892 3948 1059 4019 Justiciarijs
1080 3949 1183 4004 nostris
1204 3951 1280 4021 apud
1300 3952 1462 4007 Westmon·

357 4036 490 4093 asterium
504 4037 540 4091 ad
553 4037 692 4107 prelatum
706 4036 858 4090 terminum
872 4037 908 4091 ad
925 4036 1085 4091 faciendam
1102 4054 1231 4105 assysam
1244 4038 1321 4093 illam
1334 4039 1373 4094 ita
1386 4038 1462 4109 quod

357 4142 456 4193 assysa
468 4124 517 4179 illa
534 4140 591 4178 non
608 4134 754 4178 remaneat
771 4122 912 4193 capienda
924 4140 974 4193 pro
993 4124 1104 4179 delectu
1113 4122 1301 4197 jur[atorum],
1315 4135 1343 4181 et
1355 4126 1462 4181 habeas

357 4213 473 4268 nomina
486 4228 583 4267 eorum
595 4228 666 4283 quos
680 4210 716 4266 de
729 4228 804 4265 nouo
817 4212 983 4282 apposueris
995 4222 1023 4267 et
1035 4212 1090 4268 hoc
1102 4213 1197 4269 breue.
1228 4214 1314 4270 Teste
1326 4212 1462 4286 Tssroma]

357 4302 393 4357 de
418 4301 576 4370 Weylande
603 4299 679 4370 apud
704 4300 989 4357 westmonasterium
1014 4318 1066 4360 ‚xrs
1092 4300 1138 4359 die
1163 4301 1258 4375 aprilis
1283 4318 1359 4357 auno
1382 4301 1462 4371 regni

356 4390 446 4447 nostri
463 4388 528 4447 xvia
