3234 5059
344 365 413 434 160
668 361 770 433 Mill
791 359 955 460 ossolm
981 361 1016 432 le
1041 359 1124 432 Rus
1325 357 1443 457 [soors

337 555 445 611 totum
480 548 562 611 illud
593 549 801 630 mesuagium
838 557 899 611 etc.
961 548 1006 611 Et
1036 548 1109 630 ipsa
1140 547 1263 613 Cecilia
1294 556 1445 630 tempore

337 651 463 715 itineris
486 650 743 733 justiciariorum
775 651 893 714 habuit
923 650 1030 714 uirum
1062 651 1250 732 Johannem
1277 650 1445 734 Humfrey

338 757 480 833 nomine,
511 757 599 820 vnde
631 756 724 820 Prior
753 757 786 820 in
819 757 935 822 itinere
963 757 1221 838 justiciariorum
1249 757 1444 839 impetrauit

336 859 437 924 breue
462 861 572 943 Regis.
619 860 665 924 Et
687 860 764 923 talis
786 872 838 924 est
861 860 1063 924 imotulacio.

727 1093 776 1169 84
823 1089 1042 1154 lurotulacbt

175 1259 307 1302 Recursus
391 1241 469 1296 Prior
492 1241 529 1295 de
559 1241 731 1296 Bernewelle
756 1240 873 1311 optulit²
895 1259 926 1296 se
950 1252 1050 1311 quarto
1080 1242 1127 1295 die
1155 1258 1254 1297 uersus
1284 1244 1443 1312 Johannem

171 1309 314 1352 mmm·
338 1329 476 1400 Humlrey
488 1341 515 1385 et
529 1330 665 1386 Ceciliam
677 1347 791 1385 vxorem
804 1331 864 1384 eius
877 1329 913 1383 de
930 1330 1034 1400 placito
1051 1331 1126 1400 quod
1145 1329 1249 1385 faciant
1265 1331 1291 1385 ei
1308 1341 1444 1385 consueta

335 1427 364 1474 et
376 1429 453 1474 recta
466 1418 585 1474 seruicia
596 1435 652 1490 que
664 1419 690 1473 ei
703 1419 795 1474 facere
807 1419 913 1472 debent
928 1420 965 1473 de
980 1417 1069 1473 libero
1085 1429 1246 1474 tenemento
1264 1419 1340 1488 quod
1357 1419 1393 1473 de
1408 1436 1443 1473 eo

336 1516 432 1562 tenent
445 1507 473 1561 in
488 1506 677 1576 Cantebn'gia,
690 1515 720 1561 ut
733 1506 761 1560 in
775 1505 940 1574 redditibus,
954 1503 1126 1577 arr[eragiis]
1138 1517 1166 1560 et
1178 1506 1241 1577 alijs
1249 1507 1375 1576 seruicijs
1388 1517 1440 1562 etc.

336 1595 374 1648 Et
386 1593 439 1664 ipsi
453 1611 510 1648 non
524 1595 647 1662 ueniunt,
661 1605 688 1648 et
704 1593 807 1664 pluries
824 1592 949 1648 fecerunt
965 1593 1092 1649 defaltas
1133 1594 1202 1649 ldeo
1218 1605 1382 1665 preceptum
1398 1605 1442 1648 est

335 1681 492 1736 vicecomiti
514 1683 590 1753 quod
608 1681 759 1752 distringat
782 1697 831 1735 eos
853 1699 904 1751 per
924 1698 1025 1736 omnes
1046 1691 1143 1748 terras,
1165 1691 1234 1748 ete3
1261 1690 1289 1735 et
1311 1681 1386 1752 quod
1406 1681 1443 1734 de

334 1770 454 1825 exitibus
466 1779 535 1836 etc.;
555 1781 583 1824 et
599 1771 675 1840 quod
691 1769 796 1824 babeat
813 1786 932 1840 corpora
948 1786 1045 1824 eorum
1063 1771 1139 1840 apud
1155 1769 1441 1825 Westmonasterium

335 1876 353 1913 a
365 1857 411 1912 die
425 1859 520 1914 Sancti
536 1858 686 1913 Michaelis
699 1859 727 1912 in
740 1875 827 1912 vnum
840 1875 968 1913 mensem
980 1869 1033 1913 etc.

171 2016 323 2059 rnewtuow
400 1997 667 2080 Verumptamen
698 1997 788 2061 dicta
819 1997 953 2074 Cecilia,
984 1998 1102 2061 nolens
1134 1998 1269 2062 ulterius
1299 1997 1440 2080 fatigari,

172 2067 299 2160 iiiiii&
335 2101 428 2162 uenit
443 2109 560 2182 postea
576 2101 617 2163 ad
634 2099 758 2162 curiam
775 2101 818 2162 de
834 2099 1049 2182 Cantebrigia
1064 2121 1130 2163 vna
1145 2121 1221 2163 cum
1236 2101 1306 2164 viro
1321 2119 1392 2178 su0‚
1407 2110 1442 2163 et

231 2245 238 2252 -
335 2205 459 2268 ibidem
483 2225 594 2268 coram
623 2205 747 2267 maiore
774 2214 807 2267 et
834 2203 966 2266 balliuis
993 2214 1027 2267 et
1053 2204 1128 2286 alijs
1151 2205 1266 2267 multis
1288 2207 1439 2287 quietum

335 2308 494 2372 clamauit
510 2309 613 2373 Priori
629 2319 737 2372 totum
751 2307 805 2390 jus
821 2318 855 2370 et
871 2308 1035 2371 clameum
1052 2310 1142 2392 quod
1159 2309 1277 2372 habuit
1292 2311 1325 2371 in
1342 2309 1440 2373 dictis

335 2414 556 2490 tenementis;
586 2424 621 2477 et
652 2413 743 2474 Prior
769 2433 829 2494 per
858 2413 1037 2476 canonicos
1067 2433 1145 2476 suos
1175 2413 1288 2476 statim
1316 2415 1440 2496 recepit

336 2537 526 2600 saysynam.

173 2650 296 2692 sumn„
401 2621 489 2704 Quia
506 2621 607 2704 igitur
627 2620 716 2683 dicta
738 2619 863 2684 Cecilia
886 2619 987 2683 habet
1007 2619 1113 2682 uirum
1137 2619 1189 2683 cui
1212 2620 1439 2685 contradicere

171 2699 321 2792 iiiniffvrea
335 2747 401 2788 non
427 2728 545 2808 potuit,
568 2735 601 2788 et
623 2726 702 2807 quia
725 2745 790 2788 non
816 2723 893 2789 fecit
920 2725 1006 2787 hanc
1029 2725 1176 2808 quietam
1200 2726 1438 2789 clamacionem

171 2807 316 2902 i‘etii‘nir‘i‘.
335 2850 445 2894 coram
466 2830 656 2912 justiciarijs
676 2831 732 2912 qui
754 2829 891 2892 recorda
911 2839 1055 2912 portant,
1071 2829 1257 2893 timendum
1276 2839 1327 2894 est
1348 2831 1438 2912 quod

170 2935 187 2985 t.
202 2939 257 3001 59¹>
336 2934 416 2998 uelit
446 2935 564 2997 iterum
596 2935 686 2997 dicta
717 2943 909 2997 tenemento
939 2932 1166 3015 calumpniare
1199 2953 1275 2996 cum
1306 2943 1439 3016 tempus

336 3037 455 3100 uiderit
471 3047 681 3120 oportunum.
728 3037 772 3100 Et
794 3037 870 3100 ideo
895 3036 1045 3119 predicta
1067 3035 1191 3100 Cecilia
1211 3037 1348 3100 uiuente
1371 3058 1437 3101 non

334 3152 385 3205 est
408 3162 559 3205 securum
583 3141 672 3203 dicta
693 3149 886 3203 tenementa
906 3138 1068 3215 edificare,
1089 3138 1141 3202 vel
1164 3141 1269 3202 eciam
1294 3141 1438 3204 uendere

335 3245 431 3309 alicui
455 3247 607 3309 faciendo
623 3255 749 3308 cartam
766 3245 925 3306 warantie
941 3243 1011 3306 sine
1028 3243 1167 3305 consilio
1182 3244 1314 3307 saniori.

450 3480 499 3558 85.
544 3477 710 3540 Placitum
732 3477 772 3539 de
792 3475 981 3539 Molendino
1008 3473 1175 3549 Johanm's
1196 3473 1226 3536 le
1245 3475 1325 3538 Rus.

172 3659 288 3701 uowuss
398 3632 568 3715 Johannes
599 3630 685 3695 filius
716 3629 867 3711 Mauricij
899 3629 930 3692 le
959 3629 1030 3691 Rus
1056 3628 1163 3690 tenuit
1189 3630 1231 3692 de
1258 3629 1369 3692 Priore
1396 3630 1462 3692 de‘

170 3709 308 3801 illidii
335 3734 534 3798 Bernewelle
565 3734 669 3796 multa
700 3742 893 3796 tenementa
920 3733 953 3794 in
980 3730 1058 3794 villa
1085 3731 1128 3794 de
1156 3731 1379 3815 Cantebrigia,
1405 3742 1439 3795 et

169 3809 319 3901 bilbili
334 3840 456 3903 multas
483 3850 586 3903 terras
613 3840 646 3901 in
673 3839 809 3920 campis
833 3857 892 3919 pro
919 3836 1039 3918 quibus
1066 3837 1205 3900 reddere
1227 3836 1356 3899 solebat
1379 3857 1438 3920 per

167 3909 233 4002 iii-¹².
243 3909 266 3951 ¹⁸
333 3965 457 4008 annum
476 3943 584 4006 eidem
603 3942 705 4005 Priori
722 3942 840 4023 viginti
856 3950 890 4003 et
905 3951 983 4002 octo
997 3938 1121 4002 solidos
1136 3949 1171 4002 et
1186 3939 1259 4002 .xi.
1274 3941 1437 4004 denarios

334 4047 430 4112 Idem
458 4068 536 4112 uero
562 4047 733 4128 Johannes
760 4045 911 4110 uendidit
935 4064 1094 4126 magnam
1117 4055 1248 4128 partem
1270 4055 1356 4108 terre
1378 4066 1438 4109 sue

333 4175 393 4238 per
413 4152 599 4236 particulas,
645 4152 799 4215 Tandem
822 4151 915 4213 uenit
933 4150 1023 4212 idem
1037 4150 1211 4231 Johannes
1226 4161 1260 4213 et
1275 4150 1438 4233 obligauit

335 4260 437 4324 Priori
463 4267 497 4322 et
520 4257 709 4322 Conuentui
734 4255 963 4320 molendinum
987 4276 1084 4319 suum
1111 4256 1278 4338 equicium
1305 4258 1348 4320 ad
1371 4258 1437 4321 dis-

471 4435 479 4468 ¹
498 4435 583 4486 Assize
596 4433 663 4492 Roll‚
676 4435 718 4484 No
730 4432 770 4492 8⁶,
782 4433 888 4482 membr.
902 4435 941 4484 aa.
1071 4431 1084 4463 ²
1100 4434 1213 4498 opponit,
1229 4433 1286 4485 MS.
