3234 5059
336 384 404 458 154
446 365 523 439 The
540 365 741 464 chaplaz'n's
757 368 867 441 house
880 366 961 440 and
973 366 1068 440 land
1079 376 1120 439 at
1134 367 1283 441 Barton
1316 365 1434 463 [Boon

404 633 453 698 75.
499 619 664 683 Placitum
687 620 726 682 de
746 619 896 684 Matilda
919 619 948 682 le
971 617 1103 685 Cartm
1114 630 1178 702 pro
1200 619 1364 700 mesuagio

438 731 470 784 et
489 723 592 802 crrifla
614 722 773 804 capellani
784 722 934 805 perpetui
955 722 990 785 in
1012 722 1148 786 Bertone
1170 720 1333 805 [Barton].

170 889 237 930 How
386 875 521 944 Matildis,
541 892 596 947 que
616 876 669 932 suit
688 893 756 930 uxor
777 877 927 932 Eadwardi
948 877 974 931 le
996 878 1118 943 Cartere,
1137 893 1192 947 que
1211 875 1274 929 tulit
1295 875 1381 929 breue
1399 872 1435 927 de

168 938 288 1032 {2²22}
331 959 458 1030 ingressu
480 979 578 1016 uersus
602 963 726 1017 Priorem
751 963 787 1016 de
814 963 983 1018 Bemewelle
1007 971 1035 1016 et
1059 961 1220 1031 Johannem
1241 960 1277 1014 de
1298 959 1435 1014 Grettone

168 1039 318 1132 ffifihm
331 1048 507 1117 capellanum
526 1048 562 1104 de
581 1058 741 1104 tenemento
760 1048 788 1103 in
809 1049 937 1115 Bertone‚
956 1066 1014 1103 non
1033 1059 1075 1103 est
1094 1059 1250 1118 prosecuta.
1289 1046 1358 1101 ideo
1374 1063 1435 1116 pre·

168 1139 320 1232 33:235
331 1136 399 1190 dicti
424 1136 504 1191 Prior
524 1147 551 1190 et
572 1137 718 1207 Johannes
740 1136 806 1192 inde
829 1138 890 1191 sine
911 1137 964 1199 die,
987 1147 1014 1191 et
1038 1135 1165 1190 Matildis
1184 1145 1212 1190 et
1233 1133 1315 1205 plegij
1335 1134 1378 1188 sui
1400 1134 1435 1187 de

167 1252 287 1282 animun
306 1251 319 1281 e
331 1226 526 1296 prosequendo
540 1225 566 1278 in
581 1226 780 1291 misericordia,
793 1225 899 1281 scilicet
911 1226 1056 1296 Johannes
1065 1225 1090 1278 le
1101 1224 1218 1279 Orfeure
1227 1221 1275 1293 [de
1285 1219 1436 1292 Gransete]

168 1291 315 1383 1⁸1&ssth
332 1323 360 1368 et
372 1315 501 1383 Angerus
514 1315 550 1368 de
562 1315 726 1381 Wytewelle
739 1313 808 1368 etc.¹

399 1421 451 1485 Ita
468 1423 683 1486 inrotulatum
701 1433 751 1486 est
768 1425 799 1486 in
817 1424 933 1488 rotulis
945 1423 1210 1507 justiciariorum.

397 1525 661 1608 Verumptamen
677 1547 779 1608 quare
795 1548 861 1591 non
878 1536 929 1590 est
944 1537 1119 1609 prosecuta
1140 1537 1175 1590 et
1194 1528 1238 1591 de
1257 1547 1325 1610 quo
1344 1535 1435 1588 tene-

332 1640 446 1693 mento
477 1629 682 1712 loquebatur,
713 1631 838 1694 bonum
871 1641 922 1694 est
959 1632 1090 1713 plenius
1127 1633 1265 1694 recitare
1301 1640 1436 1713 propter

332 1743 484 1816 tempora
510 1734 628 1799 sutura.
675 1734 855 1800 Sciendum
883 1745 934 1799 est
959 1737 1060 1818 igitur
1085 1735 1174 1818 quod
1205 1745 1434 1799 tenementum

332 1838 422 1920 quod
446 1839 517 1921 ipsa
540 1840 780 1922 calumpniauit
803 1852 854 1904 est
878 1841 1086 1923 mesuagium
1110 1851 1143 1904 et
1166 1839 1272 1903 crofta
1288 1838 1343 1901 vbi
1363 1859 1434 1920 pre-

172 1957 279 2000 sheend
332 1943 440 2006 dictus
476 1942 647 2026 Johannes
684 1943 876 2028 capellanus
914 1944 1086 2007 inhabitat.
1155 1943 1257 2026 Quod
1299 1943 1434 2025 quidem

170 2008 283 2049 herhue·

170 2058 295 2159 {332¹}ssss
333 2047 538 2128 mesuagium
552 2047 612 2110 suit
624 2048 666 2112 de
676 2048 861 2112 hereditate
871 2049 974 2131 ipsius
986 2048 1146 2126 Matildis,
1156 2050 1214 2112 sed
1230 2048 1435 2111 Eadwardus

170 2157 319 2250 2¹¹3?de
332 2151 380 2214 vir
409 2150 479 2213 eius
510 2160 543 2214 et
574 2152 646 2233 ipsa
676 2153 898 2216 uendiderunt
928 2152 1008 2216 illud
1041 2152 1211 2216 Willelmo
1239 2154 1283 2215 de
1309 2151 1434 2214 Thane.

170 2259 319 2350 {²⁰¹2}ssth
333 2252 410 2328 Sed,
426 2264 462 2316 ut
484 2253 539 2316 illa
556 2256 709 2317 vendicio
730 2255 859 2318 stabilis
880 2267 1065 2318 remaneret
1086 2257 1328 2339 inperpetuum,
1345 2257 1434 2318 idern

168 2357 520 2460 §lilaeawsslelmffl
546 2359 623 2422 fecit
649 2369 682 2422 et
710 2359 815 2423 virum
843 2369 877 2424 et
901 2381 1041 2424 vxorem
1065 2363 1177 2425 uenire
1203 2382 1315 2425 coram
1339 2361 1435 2443 justi-

332 2461 441 2544 ciarijs
461 2462 693 2526 itinerantibus
713 2465 802 2545 apud
827 2463 1085 2546 Cantebrigiam,
1102 2464 1256 2528 videlieet
1277 2465 1436 2545 magistro

335 2565 497 2650 R[ogero]
509 2566 552 2630 de
565 2567 713 2649 Seytone
724 2578 759 2630 et
771 2567 869 2648 socijs
881 2569 972 2644 suis¹,
982 2568 1025 2632 ad
1036 2569 1223 2633 faciendum
1235 2569 1435 2651 recognicio·

334 2689 420 2746 nem,
436 2679 469 2732 et
485 2671 532 2732 sic
547 2669 764 2732 inrotulatum
781 2680 852 2733 erat
867 2679 902 2734 et
916 2672 1161 2754 cyrographum
1183 2671 1261 2735 inde
1280 2672 1436 2735 leuatum.

335 2773 435 2856 Quod
471 2772 714 2856 cyrographum
746 2785 824 2855 post
854 2785 995 2838 mortem
1026 2774 1216 2858 W[illelmi]
1247 2775 1288 2838 de
1318 2774 1437 2838 Thane

334 2879 491 2942 remansit
514 2899 615 2961 penes
631 2877 820 2960 Johannem
844 2880 887 2942 de
904 2880 1173 2963 Metheringham
1198 2891 1234 2943 ut
1257 2880 1436 2943 dicebatur.

334 2982 547 3065 Quapropter
570 2982 658 3044 idem
673 2981 853 3063 Johannes,
875 2985 1084 3066 perpendens
1106 2984 1197 3066 quod
1222 2985 1313 3048 Prior
1336 2983 1437 3046 nichil

332 3086 449 3150 habuit
465 3106 567 3170 penes
582 3106 618 3148 se
634 3106 693 3168 per
707 3087 798 3168 quod
814 3107 851 3149 se
870 3087 1049 3152 defendere
1064 3091 1182 3170 potuit,
1197 3088 1291 3152 dedit
1307 3088 1437 3151 mulieri

334 3190 482 3273 predicte
504 3190 678 3253 consilium
702 3190 745 3254 ad
773 3191 1020 3273 impetrandum
1048 3213 1162 3256 uersus
1187 3194 1354 3269 Priorem;
1385 3191 1436 3254 vel

334 3295 450 3378 pocius
489 3295 567 3376 ipse,
601 3295 735 3358 nomine
773 3295 928 3372 mulieris
958 3296 1059 3360 breue
1097 3297 1199 3379 Regis
1237 3297 1436 3379 impetrauit.

173 3416 268 3459 nown
336 3399 431 3462 Tunc
457 3398 592 3481 quidem
620 3398 738 3460 uidens
763 3399 834 3481 ipse
859 3399 952 3462 Prior
976 3421 1011 3464 se
1038 3421 1111 3464 esse
1134 3401 1167 3463 in
1193 3411 1267 3464 arto
1290 3400 1436 3483 positum

172 3473 295 3569 hffihht
335 3502 462 3566 studuit
492 3512 589 3566 caute
618 3502 761 3585 qualiter
791 3515 904 3586 posset
933 3527 1048 3570 eorum
1079 3527 1198 3569 manus
1227 3503 1378 3580 euadere,
1403 3511 1438 3566 et

171 3568 312 3660 {hifdhssa
334 3607 450 3671 habito
466 3617 608 3671 tractatu
625 3628 700 3670 cum
717 3610 975 3692 cyrographario
997 3610 1099 3692 Regis
1119 3612 1176 3693 qui
1197 3619 1268 3672 erat
1287 3620 1445 3690 tempore

171 3671 189 3720 s'
203 3671 298 3789 ⁵⁷b.„2
335 3712 475 3775 itineris³
509 3712 657 3793 magistri
696 3712 819 3794 Rogeri
855 3714 898 3776 de
934 3713 1092 3795 Seytone,
1122 3714 1253 3796 rogauit
1287 3732 1364 3776 eum
1401 3722 1437 3774 ut

334 3823 487 3897 quereret
503 3814 627 3877 rotulos
643 3815 685 3878 de
697 3815 914 3898 cyrographis
926 3815 1045 3879 leuatis
1057 3816 1089 3878 in
1102 3816 1169 3880 alio
1180 3817 1305 3880 itinere.
1336 3813 1436 3898 Quod

334 3928 368 3983 et
385 3920 508 3982 sactum
526 3929 584 3983 est.
630 3919 675 3982 Et
697 3920 834 3983 inuento
854 3919 1064 4003 cyrographo
1084 3921 1250 3983 consuluit
1272 3920 1373 3984 Priori
1395 3939 1437 3982 ne

336 4025 457 4088 faceret
478 4044 594 4106 pacem
615 4045 691 4087 curn
714 4025 786 4107 ipsa
807 4025 952 4099 muliere,
973 4026 1140 4107 quoniam,
1161 4025 1277 4108 inquit,
1297 4025 1438 4088 attincta

383 4173 497 4224 ¹Assi2e
517 4175 584 4236 Roll,
604 4175 656 4224 No.
674 4173 715 4232 86,
733 4173 839 4225 membr.
857 4188 880 4237 5.
913 4173 970 4224 The
987 4173 1069 4224 words
1085 4173 1199 4224 between
1218 4189 1308 4238 square
1324 4174 1440 4224 brackets

335 4256 398 4306 have
409 4256 474 4306 been
485 4255 567 4306 added
579 4255 642 4305 from
654 4255 703 4305 this
715 4256 784 4304 Roll.

383 4339 394 4370 ²
411 4340 460 4390 See
470 4340 559 4400 above,
572 4339 645 4404 chap.
662 4353 700 4404 39,
714 4354 739 4403 p.
755 4353 808 4404 ¹²9·

383 4420 394 4452 ³
409 4423 506 4483 itinere,
521 4422 578 4472 MS.
