3234 5059
501 998 531 1047 2.
580 974 998 1051 MISCELLANEA.

360 1240 387 1280 a.
430 1221 491 1279 Isti
508 1229 579 1280 sunt
596 1222 657 1281 dies
677 1222 708 1281 in
729 1223 833 1299 quibus
854 1244 911 1283 non
932 1225 997 1284 licet
1015 1228 1138 1301 operari.

255 1343 293 1402 In
313 1341 362 1403 die
384 1345 491 1404 natalis
512 1344 627 1405 domini
648 1356 678 1406 et
699 1344 740 1422 iiij
763 1345 870 1407 diebus
891 1349 1094 1424 sequentibus.

256 1440 292 1499 In
314 1440 365 1503 die
384 1440 628 1503 circumcisionis.

255 1539 292 1598 In
313 1539 363 1600 die
383 1538 551 1619 epiphanie.

255 1642 293 1699 In
313 1640 363 1701 die
383 1639 588 1702 conuersionis
610 1641 695 1703 Beati
716 1642 804 1721 pauli.

255 1740 292 1799 In
313 1739 454 1802 omnibus
474 1738 683 1803 lestiuitatibus
704 1743 791 1804 beate
812 1741 939 1821 virginis

255 1836 292 1895 In
312 1834 362 1897 die
383 1837 524 1899 cathedre
545 1838 639 1899 sancti
660 1840 745 1917 petn'.

254 1935 292 1993 In
312 1934 363 1996 die
384 1936 479 1997 sancti
500 1937 625 1999 Mathie.

254 2032 292 2093 ln
312 2032 362 2095 die
384 2037 498 2097 Pasche
519 2046 549 2098 et
570 2038 663 2098 tribus
684 2036 791 2098 diebus
812 2038 1016 2116 sequentibus.

253 2133 290 2191 ln
311 2132 362 2195 die
382 2133 585 2195 dedicacionis
606 2134 731 2196 ecclesie
752 2136 792 2197 de
814 2138 1005 2199 Bernewelle.

253 2233 291 2291 In
313 2232 363 2293 die
383 2232 478 2294 sancti
500 2232 596 2294 Marci
619 2232 823 2313 Ewangeliste

252 2331 290 2390 ln
312 2331 389 2391 sesto
409 2334 615 2408 apostolorum
636 2331 764 2411 philippi
786 2343 817 2393 et
837 2329 952 2409 Jacobi

253 2430 290 2489 In
311 2439 438 2507 utroque
459 2432 536 2491 festo
558 2441 661 2491 sancte
682 2430 785 2491 crucis.

253 2529 289 2589 ln
310 2528 360 2591 die
381 2530 476 2591 sancti
497 2526 643 2606 Johannis
664 2538 735 2590 ante
755 2541 873 2608 portam
895 2529 1026 2591 latinam.

252 2629 290 2687 In
310 2627 360 2689 die
380 2626 571 2689 ascensionis.

252 2729 289 2787 ln
310 2726 360 2787 die
381 2736 571 2803 pentecostes
592 2737 622 2787 et
643 2726 737 2788 tribus
758 2726 866 2788 diebus
888 2726 1089 2804 sequentibus.

253 2829 289 2885 ln
311 2825 361 2887 die
383 2826 478 2886 sancti
500 2827 636 2886 Barnabe
658 2826 802 2903 Apostoli.

252 2927 288 2984 In
309 2924 359 2985 die
380 2934 482 2984 sancte
505 2925 687 2985 Etheldrede
708 2922 740 2983 in
761 2934 864 2985 estate.

252 3026 288 3084 ln
309 3023 464 3083 natiuitate
485 3022 564 3083 beati
584 3023 732 3100 Johannis
753 3024 890 3101 baptiste.

251 3126 287 3183 In
308 3124 386 3183 festo
407 3124 610 3201 apostolorum
633 3122 708 3199 petri
730 3132 760 3182 et
780 3123 870 3199 pauli.

250 3224 286 3282 In
307 3222 358 3282 die
379 3220 585 3282 translacionis
606 3223 686 3282 beati
707 3222 827 3282 Thome
849 3221 991 3298 martyris.

251 3323 288 3381 In
309 3318 359 3382 die
379 3324 467 3382 beate
488 3319 581 3382 marie
602 3320 787 3398 magdalene.

251 3422 288 3480 ln
310 3419 360 3481 die
381 3420 476 3481 sancti
495 3420 602 3498 Jacobi
624 3418 758 3497 apostoli.

250 3520 287 3579 ln
307 3519 357 3579 die
379 3518 474 3579 sancti
495 3520 571 3597 petri
592 3519 631 3579 ad
652 3518 779 3579 uincula

250 3620 287 3679 In
308 3617 358 3678 die
379 3616 458 3678 beati
481 3616 630 3677 laurencii.

249 3716 286 3775 In
308 3712 358 3775 die
379 3712 460 3774 beati
482 3713 686 3774 Bartholomei
706 3711 843 3789 apostoli.

249 3813 288 3873 In
307 3811 357 3874 die
378 3811 592 3875 decollacionis
613 3810 709 3872 sancti
729 3809 877 3888 Johannis
900 3810 1041 3889 Baptiste.

249 3912 286 3971 ln
308 3910 358 3972 die
378 3910 459 3973 beati
482 3910 588 3989 Egidii.
634 3911 670 3968 In
691 3908 741 3969 die
763 3906 843 3969 beati
864 3908 990 3968 Mathei.

249 4010 287 4069 In
308 4008 358 4071 die
379 4008 459 4069 beati
481 4006 647 4069 Michaelis.
692 4010 728 4065 In
751 4006 800 4067 die
822 4005 903 4067 beati
925 4008 1007 4067 Luce
1029 4008 1227 4087 Euangeliste.

249 4109 287 4168 In
309 4108 359 4168 die
379 4109 583 4185 apostolorum
605 4104 744 4185 Symonis
766 4116 795 4166 et
816 4106 903 4182 Jude.

249 4207 287 4265 In
309 4204 358 4267 die
378 4205 514 4267 omniurn
535 4215 715 4267 sanctorum.
760 4206 797 4265 In
819 4204 870 4265 die
890 4204 985 4266 sancti
1007 4205 1138 4267 Martini.

249 4304 286 4363 ln
308 4302 357 4364 die
378 4302 474 4364 sancti
495 4304 624 4365 Andree.

249 4403 286 4463 ln
307 4401 357 4463 die
378 4402 474 4464 sancti
495 4404 524 4463 N
527 4401 643 4463 icholai.
688 4402 725 4461 In
746 4401 796 4462 die
818 4402 912 4463 sancti
933 4402 1053 4462 Thome
1073 4404 1209 4479 apostoli.
