3234 5059
343 382 415 454 322
694 358 857 433 Tmnts
882 358 921 431 in
948 355 1151 431 Barnwell
1327 352 1449 457 [Book

406 544 578 629 lohannes
602 544 647 609 de
671 542 858 609 lufirmaria
880 552 974 609 tenet
996 562 1099 607 vnum
1123 543 1331 625 mesuagium
1358 544 1450 625 quod

343 649 405 713 suit
437 648 576 712 Mabilie
604 647 713 730 Huys‚
738 658 773 711 et
799 645 908 712 reddit
939 666 1149 729 perannum
1180 645 1221 727 ij.
1248 646 1382 721 solidos,
1409 645 1451 728 ij.

342 772 497 835 capones,
520 750 561 832 ij.
584 751 757 833 precarias.

410 854 554 919 Michael
578 855 622 919 ad
649 864 780 938 portam
803 863 896 919 tenet
918 876 1021 920 vnum
1046 856 1254 937 mesuagium
1277 855 1367 937 quod
1389 853 1451 918 fuit

346 958 519 1023 Michaelis
535 958 686 1035 Bumbel,
701 967 736 1023 et
751 956 862 1023 reddit
877 978 936 1040 per
951 978 1076 1023 annum
1093 957 1167 1039 .viij.
1184 958 1346 1021 denarios.

411 1060 506 1125 idem
532 1060 674 1124 lllichael
696 1070 788 1124 tenet
809 1060 849 1141 ij.
873 1079 967 1123 acras
987 1070 1073 1123 terre
1093 1080 1207 1123 versus
1227 1060 1452 1143 Steresbrege,

344 1175 379 1229 et
408 1164 518 1231 reddit
548 1184 608 1248 per
636 1186 762 1231 annum
793 1164 895 1246 xviij.
926 1165 1079 1231 denarios
1109 1164 1208 1249 [quas
1239 1186 1327 1229 nunc
1360 1175 1453 1231 tenet

345 1268 515 1334 Gallridus
537 1268 580 1333 de
604 1268 872 1353 Hiremongerel.

410 1374 521 1457 [Idem
540 1373 684 1439 Michael
699 1384 792 1439 tenet
806 1394 908 1439 vnam
924 1394 1035 1439 acram
1052 1373 1162 1455 terrel.

253 1485 271 1535 s·
286 1497 332 1549 ¹7⁹
410 1479 581 1562 Johannes
600 1480 749 1545 Bemard
767 1488 861 1543 tenet
881 1478 910 1561 .j.
932 1477 1072 1543 crottam
1093 1499 1161 1561 que
1176 1477 1237 1543 luit
1253 1478 1394 1543 Gallridi
1410 1480 1454 1543 de

347 1584 515 1659 Borwelle,
531 1593 566 1649 et
582 1585 691 1651 reddit
706 1604 904 1668 perannum
921 1584 961 1666 .ij.
978 1584 1113 1661 solidos,
1128 1584 1168 1665 ij.
1185 1584 1347 1649 denarios.

413 1688 507 1752 ldem
534 1688 705 1771 johannes
730 1696 823 1751 tenet
847 1707 948 1750 vnam
976 1688 1126 1769 placeam
1150 1697 1236 1751 terre
1258 1688 1290 1751 in
1316 1688 1454 1767 venella,

344 1811 412 1875 que
425 1790 488 1857 fuit
505 1790 660 1855 Nicholai
677 1790 708 1854 le
724 1790 844 1866 Leche,
859 1800 892 1855 et
909 1788 1018 1855 reddit
1034 1808 1232 1873 perannum
1249 1790 1289 1872 ij.
1306 1792 1438 1857 solidos.

412 1896 507 1959 Idem
528 1896 699 1979 Johannes
714 1902 806 1959 tenet
822 1914 923 1959 unam
940 1894 1090 1977 placeam
1106 1914 1172 1979 que
1188 1895 1264 1960 suit²
1283 1897 1316 1959 in
1335 1898 1453 1961 eadem

346 1994 485 2070 venelia,
500 2005 534 2060 et
551 1994 660 2058 reddit
675 2014 875 2077 perannum
892 2014 934 2058 .x.
950 1994 1112 2058 denarios

414 2099 508 2169 idem
524 2098 694 2181 Johannes
709 2107 802 2165 tenet
818 2118 917 2161 vnam
937 2096 1086 2179 placeam
1101 2117 1167 2181 que
1182 2097 1244 2165 luit
1262 2098 1395 2165 Ricardi
1411 2100 1455 2164 de

347 2202 554 2286 Maddingle,
568 2212 603 2267 et
619 2203 729 2269 reddit
744 2222 942 2285 perannum
960 2202 1027 2283 .xij.
1043 2201 1205 2267 denarios.

415 2306 509 2373 Idem
525 2307 696 2390 Johannes
711 2315 804 2371 tenet
819 2326 919 2371 vnam
938 2306 1112 2371 dimidiam
1130 2326 1241 2371 acram
1257 2317 1343 2373 terre
1359 2310 1455 2373 iuxta

348 2410 523 2488 Aceslaue,
538 2420 573 2475 et
588 2410 698 2475 reddit
713 2428 913 2493 perannum
929 2430 994 2473 ,xv.
1010 2410 1171 2475 denarios.

414 2514 510 2579 Idem
529 2512 700 2596 Johannes
721 2520 814 2577 tenet
834 2530 934 2575 vnam
955 2530 1067 2575 acram
1089 2520 1174 2575 terre
1194 2514 1226 2575 in
1248 2532 1455 2597 campoque

348 2618 410 2681 luit
427 2616 585 2680 Willelmi
603 2616 765 2697 Brodeye‚
780 2623 814 2677 et
830 2612 939 2677 reddit
955 2633 1014 2696 per
1029 2633 1154 2677 annum
1171 2634 1212 2678 .x.
1228 2615 1392 2682 denarios

413 2722 513 2788 Sarra
538 2720 570 2784 le
596 2719 763 2785 Coisscere
793 2728 885 2783 tenet
911 2738 1014 2781 vnum
1042 2719 1250 2801 mesuagium
1275 2722 1366 2803 quod
1393 2721 1455 2784 luit

347 2825 481 2889 Thome
500 2825 531 2889 le
553 2824 687 2900 Macun,
703 2832 738 2887 et
761 2822 870 2887 reddit
890 2840 1094 2904 perannum
1115 2822 1156 2904 ij.
1177 2823 1332 2888 denarios
1351 2823 1454 2907 [quod

347 2949 435 2995 nunc
451 2936 544 2993 tenet
561 2927 728 2991 Robertus
745 2925 881 3008 Veyse}

412 3033 562 3099 Thomas
588 3031 619 3095 le
646 3031 780 3113 Ropere
802 3039 894 3095 tenet
917 3049 1019 3093 vnum
1044 3032 1252 3112 mesuagium
1279 3032 1370 3113 quod
1394 3031 1456 3097 suit

350 3135 496 3201 Radulfii
511 3136 593 3211 coci,
607 3144 641 3199 et
657 3133 767 3199 reddit
782 3152 842 3215 per
857 3153 982 3197 annum
999 3133 1066 3215 .xij.
1083 3134 1245 3197 denarios

415 3240 578 3303 Ricardus
612 3237 700 3321 Jado
730 3247 823 3301 tenet
852 3256 952 3301 vnam
989 3236 1130 3301 crustam
1160 3237 1203 3301 ad
1234 3238 1343 3322 capud
1377 3238 1456 3305 ville

348 3364 463 3409 versus
486 3342 710 3424 steresbrege,
730 3351 765 3405 et
787 3341 897 3407 reddit
921 3361 1125 3424 perannum
1149 3340 1188 3422 ij.
1213 3341 1348 3420 solidos,
1368 3353 1404 3407 et
1427 3344 1455 3425 .j.

349 3466 522 3529 caponem,
556 3456 592 3509 et
626 3445 667 3526 ij.
704 3440 871 3528 precarias
903 3444 1018 3528 [quam
1050 3464 1138 3509 nunc
1168 3454 1260 3509 tenet
1292 3445 1456 3528 Margeria

352 3549 501 3633 Lordes].

417 3656 607 3720 Euerardus
629 3656 673 3719 de
696 3652 940 3718 Elemosinaria
962 3660 1055 3715 tenet
1069 3672 1171 3717 vnum
1195 3654 1401 3735 mesuagium
1422 3662 1455 3718 et

349 3761 498 3843 quinque
517 3779 611 3822 acras
631 3769 726 3833 terre,
741 3768 778 3823 et
791 3757 900 3821 reddit
921 3777 980 3839 per
999 3776 1125 3821 annum
1142 3756 1172 3836 .j.
1190 3776 1335 3821 marcam
1353 3757 1455 3841 [quod

350 3884 438 3929 nunc
455 3875 548 3928 tenet
567 3863 711 3927 lsabella
725 3881 812 3927 vxor
827 3860 919 3944 eius].

414 3969 585 4051 Johannes
613 3968 746 4049 orloger
775 3976 868 4031 tenet
899 3986 1002 4029 vnum
1034 3966 1242 4047 mesuagium
1273 3966 1364 4047 quod
1397 3964 1456 4031 luit

352 4074 488 4138 Henrici
511 4072 631 4155 Byker,
647 4082 681 4136 et
702 4072 812 4136 reddit
830 4092 890 4155 per
910 4090 1036 4135 annum
1053 4070 1093 4152 ij.
1108 4069 1234 4134 solidos
1250 4068 1353 4151 [quod
1370 4090 1456 4137 uuuc

350 4186 442 4243 terret
457 4197 544 4241 vxor
558 4176 653 4259 eius].

415 4282 587 4364 Johannes
618 4281 760 4363 Mayner
788 4290 881 4346 tenet
907 4300 1008 4345 vnum
1041 4276 1248 4361 mesuagium
1278 4280 1369 4362 quod
1397 4278 1459 4345 fuit

628 4427 637 4459 ¹
656 4429 681 4477 Α
693 4444 767 4494 space
780 4428 801 4477 is
814 4428 856 4478 leit
868 4430 893 4477 in
906 4427 948 4477 the
962 4426 1018 4475 MS.
1032 4425 1094 4475 alter
1106 4426 1160 4475 luit.
