3234 5059
357 322 427 412 238
546 316 754 392 Hundreds
780 318 821 391 ἐκ
850 316 989 391 Cambs.
1019 315 1100 389 ami
1120 313 1261 388 Hunts.
1336 309 1458 414 [Boon

670 1160 841 1233 tinen
877 1159 1150 1254 Quintus.

421 1352 503 1416 This
522 1352 612 1415 book
634 1350 787 1414 contains
808 1348 889 1430 only
904 1358 1053 1412 extracts
1074 1348 1158 1412 from
1175 1347 1261 1412 Acts
1281 1346 1319 1409 oi
1336 1347 1457 1410 Parlia·

356 1466 456 1533 ment,
472 1456 538 1519 and
555 1456 719 1520 therefore
734 1456 795 1518 has
811 1465 872 1517 not
887 1455 972 1517 been
989 1455 1129 1536 printed.

689 1898 861 1974 LIBER
897 1898 1128 1974 SEXTUS.

263 2096 280 2145 s·
298 2109 342 2157 ¹4²
424 2104 462 2166 ln
481 2102 676 2167 Hundredis
695 2103 835 2166 diuersis
854 2102 956 2167 habet
973 2102 1066 2165 Prior
1081 2102 1124 2166 de
1140 2100 1341 2165 Bemeweile
1356 2110 1459 2164 terras

193 2183 334 2275 iiiiiiiii.
356 2198 618 2284 et'tenementa,
641 2218 795 2273 tenentes
819 2216 854 2273 et
880 2208 1039 2284 redditus,
1065 2208 1204 2271 seruicia
1233 2217 1266 2271 et
1292 2206 1459 2288 homagia,

191 2284 342 2326 andtiunts.

191 2334 336 2426 I'iihii‘u
356 2314 613 2377 consuetudines
639 2322 673 2376 et
699 2313 859 2391 villanos;
895 2312 953 2375 sed
985 2312 1063 2395 quia
1093 2311 1233 2374 ministri
1257 2310 1460 2374 vicecomitis

191 2439 335 2525 gunemarv
357 2418 545 2500 frequenter
581 2417 706 2482 faciunt
742 2418 964 2482 districtiones
1001 2416 1207 2481 uoluntarias
1243 2426 1277 2480 et
1312 2416 1460 2490 iniustas,

209 2496 262 2527 ue..
357 2520 521 2604 quosdam
537 2520 941 2603 indebitedistringentes,
953 2530 987 2585 et
1002 2521 1168 2603 aliquibus
1180 2522 1236 2603 qui
1249 2522 1334 2583 iuste
1349 2530 1460 2583 essent

356 2625 577 2709 distringendi
600 2636 781 2709 parcentes,
797 2646 839 2689 ne
859 2626 903 2689 de
922 2637 1034 2689 cetero
1052 2626 1144 2687 Prior
1166 2626 1218 2687 uel
1242 2635 1394 2688 tenentes
1409 2624 1459 2686 sui

247 2810 248 2813 Ἴ
356 2751 416 2813 per
441 2730 630 2794 huiusmodi
658 2730 884 2794 districtiones
915 2730 1036 2793 iniuste
1065 2739 1246 2811 grauentur
1275 2749 1336 2811 pro
1362 2728 1460 2791 sectis

356 2834 535 2899 comitatus
558 2834 609 2898 vel
633 2834 806 2910 hundredi,
825 2834 953 2899 auxilio
975 2834 1180 2898 vicecomitis
1202 2844 1236 2898 et
1258 2854 1460 2916 warpennes,

357 2940 389 3003 in
413 2938 476 3001 hoc
499 2938 660 3021 opusculo
684 2938 745 3003 suit
770 2938 850 3002 vtile
875 2938 1017 3001 scribere
1044 2936 1180 3000 nomina
1202 2936 1460 3012 hundredorum,

357 3042 545 3107 tenencium
563 3054 597 3107 et
611 3052 878 3106 tenementorum
894 3062 960 3124 que
975 3041 1167 3105 huiusmodi
1182 3042 1321 3104 seruicia
1335 3041 1459 3105 debent

357 3145 473 3223 iacere,
484 3156 518 3212 et
530 3147 573 3211 ab
588 3148 727 3231 antiquo
740 3146 847 3211 facere
856 3155 1107 3210 consueuerant.
1147 3144 1178 3208 N
1181 3166 1219 3208 ec
1234 3146 1402 3229 oportebit
1417 3148 1460 3210 de

356 3262 468 3316 cetero
499 3273 602 3336 prope
632 3252 823 3317 huiusmodi
848 3251 1072 3315 districtiones
1099 3252 1145 3314 ire
1169 3250 1211 3314 ad
1238 3250 1392 3315 Castrum
1417 3250 1459 3314 ad

357 3356 537 3421 videndum
577 3358 738 3421 Rotulum
776 3356 989 3432 vicecomitis,
1027 3358 1085 3420 sed
1117 3358 1231 3439 pocius
1261 3356 1396 3419 videant
1426 3364 1460 3419 et

356 3459 539 3525 doceantur
562 3483 620 3544 per
642 3462 760 3525 librum
786 3462 895 3525 istum.

422 3664 615 3730 Annotacio
648 3666 822 3731 feodorum
854 3666 1083 3733 Comitatuum
1114 3669 1397 3751 Cantebrigiensis
1427 3681 1460 3735 et

360 3788 667 3865 Huntendonensis‚
690 3790 807 3872 auxilij
840 3781 1053 3868 vicecomitis,
1083 3802 1247 3856 sectarum
1278 3803 1312 3857 et
1342 3795 1460 3858 warth·

355 3933 466 3996 penes.

541 4033 744 4098 Hundredus
765 4033 804 4097 de
829 4034 1042 4116 Pappmrthe
1063 4034 1279 4119 [Papworth].

425 4172 565 4236 Grauele
586 4170 789 4256 [Graveley].
834 4171 1002 4236 Walterus
1029 4172 1117 4237 filius
1142 4173 1281 4237 Roberti
1306 4174 1407 4239 debet
1431 4176 1460 4258 .j.

357 4283 506 4352 sectam;
545 4284 578 4338 et
613 4275 701 4338 idem
737 4284 770 4338 et
803 4275 983 4358 participes
1016 4276 1067 4337 sui
1100 4276 1224 4339 debent
1258 4275 1301 4339 de
1334 4278 1462 4342 auxilio

358 4380 561 4444 vicecomitis
583 4380 658 4462 .ij.s.,
681 4390 714 4443 et
737 4390 787 4443 est
811 4380 857 4444 ibi
880 4380 909 4461 .j.
932 4378 1024 4463 hyda
1046 4380 1230 4463 geldabilis
