3234 5059
169 1692 185 1741 s.
201 1693 247 1743 160

170 1816 219 1857 ms

734 1270 907 1345 LIBER
942 1269 1036 1345 VII.

739 1482 1027 1538 cnnrsssmcm

399 1666 452 1731 De
476 1666 669 1744 redditibus,
691 1666 892 1745 tenentibus,
913 1666 1046 1732 villanis
1067 1676 1103 1731 et
1124 1686 1240 1731 eorum
1264 1641 1440 1731 consuetu-

332 1784 465 1851 dinibus
488 1788 731 1871 pertinentibus
754 1787 797 1852 ad
820 1786 996 1852 ecclesiam
1020 1785 1063 1851 de
1087 1786 1296 1851 Bemewelie.

397 1950 493 2017 Sicut
514 1951 594 2016 luna
615 1952 732 2017 crescit
754 1972 887 2035 semper
910 1951 963 2016 uei
986 1951 1156 2029 decrescit,
1179 1960 1214 2015 et
1236 1950 1323 2015 sicut
1346 1971 1438 2015 mare

331 2055 488 2118 continue
509 2053 582 2119 fluit
603 2064 637 2119 et
658 2054 775 2131 refluit,
795 2066 839 2131 et,
855 2055 1024 2139 peronius
1040 2054 1107 2118 diei
1128 2054 1181 2119 uei
1197 2056 1305 2120 noctis
1320 2055 1436 2119 horam

331 2158 495 2241 integram
508 2159 677 2241 quiescere
692 2159 806 2235 nescit,
817 2158 865 2221 sic
881 2160 1033 2223 homines
1049 2160 1119 2222 nati
1132 2158 1175 2222 de
1192 2143 1328 2223 muliere
1343 2158 1437 2223 breui

331 2262 483 2326 uiuentes
498 2250 649 2347 tempore
660 2263 744 2326 sicut
761 2262 878 2327 umbra
891 2271 1092 2346 pretereunt‚
1106 2272 1141 2328 et
1156 2263 1212 2346 aiij
1230 2262 1305 2327 loco
1319 2284 1435 2327 eorum

329 2366 520 2431 succedunt.

396 2470 485 2555 Quia
505 2471 605 2554 igitur
626 2471 718 2534 Prior
739 2472 782 2535 de
804 2471 1006 2535 Bernewelle
1025 2471 1127 2535 habet
1147 2472 1313 2553 quosdam
1335 2470 1436 2534 libere

329 2584 491 2651 tenentes,
515 2584 549 2639 et
574 2577 738 2657 quosdam
766 2575 918 2651 villanos,
944 2576 1000 2657 qui
1027 2575 1058 2639 ei
1085 2574 1211 2639 debent
1236 2574 1376 2639 seruicia
1401 2584 1437 2639 et

329 2679 594 2753 consuetudines,
610 2678 690 2742 vtile
708 2679 842 2742 videtur
861 2679 895 2742 in
912 2677 974 2741 hoc
991 2678 1103 2742 libello
1121 2677 1264 2741 scribere
1284 2668 1435 2741 omnium

328 2784 519 2847 tenencium
552 2769 687 2847 suorum
724 2784 871 2859 nomina,
902 2782 1060 2860 redditus,
1090 2791 1191 2865 atque
1224 2782 1372 2858 seruicia,
1401 2793 1437 2847 et

329 2886 424 2951 villas
446 2888 479 2951 in
500 2887 621 2971 quibus
644 2895 798 2951 tenentes
814 2886 978 2964 habitant,
993 2895 1028 2950 et
1047 2896 1153 2951 terras
1173 2906 1289 2950 eorum
1309 2896 1345 2951 et
1362 2885 1437 2949 loca

330 2991 385 3055 ubi
412 2992 564 3074 distringi
588 2999 729 3074 possunt
753 2991 936 3055 secundum
960 2990 1051 3074 quod
1075 3000 1227 3073 tempore
1250 2991 1314 3055 isto
1337 3009 1437 3073 super

329 3096 393 3179 hijs
424 3094 492 3159 fieri
520 3103 632 3178 potest
658 3096 833 3171 certitudo,
858 3095 995 3170 scilicet,
1014 3095 1109 3159 'anno
1136 3094 1263 3159 domini
1291 3098 1346 3157 m⁰.
1376 3100 1435 3157 cc⁰.

329 3200 547 3284 nonagesimo
576 3201 703 3283 quinto,
720 3201 898 3264 ¹Prioratus
924 3219 1003 3264 uero
1030 3194 1185 3283 Magistri
1208 3198 1368 3282 Symonis
1390 3198 1435 3262 de

329 3304 476 3370 Ascellis
498 3310 607 3369 .xxx⁰.
630 3304 749 3388 primo
1182 3293 1190 3305 ’

394 3436 564 3549 Redditus
583 3457 705 3521 Prioris
720 3459 763 3522 de
780 3457 986 3522 Bernewelle
1001 3457 1036 3521 in
1051 3456 1132 3521 villa
1147 3456 1190 3522 de
1208 3454 1437 3539 Cantebrigia.
1510 3490 1515 3496 ·

714 3738 738 3785 1.
789 3718 889 3786 Ultra
903 3729 1045 3802 pontem.

393 3882 559 3945 Ricardus
581 3876 761 3943 Brenhand
778 3878 823 3942 de
844 3875 970 3940 Howes
989 3883 1085 3940 tenet
1099 3893 1203 3939 vnum
1223 3874 1432 3957 mesuagium

326 3995 360 4051 et
375 4005 476 4049 vnam
493 3982 635 4047 crostam
652 3981 695 4045 ad
711 3980 821 4063 capud
837 3979 882 4043 de
900 3979 1025 4042 Howes
1036 3998 1151 4042 versus
1168 3975 1434 4060 Cantebrigiam,

326 4101 360 4156 et
375 4090 486 4156 reddit
502 4106 703 4173 perannum
719 4084 799 4167 ,iij.s.
816 4084 897 4167 ,vjd

393 4193 546 4259 Heredes
562 4189 703 4255 Walteri
728 4188 759 4253 le
775 4188 973 4253 Parmenter
992 4188 1035 4251 de
1057 4185 1178 4251 eadem
1196 4196 1313 4250 tenent
1329 4207 1433 4251 vnam

325 4321 436 4365 acram
458 4310 492 4364 et
515 4309 583 4364 tres
600 4296 698 4361 rodas
721 4306 817 4372 terre,
832 4303 866 4356 et
889 4292 1034 4355 reddunt
1057 4291 1146 4373 siju„
1163 4292 1254 4355 v'nde
1274 4290 1328 4374 iij.
1350 4292 1432 4356 rode

325 4412 436 4474 iacent
452 4425 519 4469 non
536 4405 635 4486 longe
652 4423 672 4466 a
690 4402 859 4465 conductu
876 4400 1030 4463 Fratrum
1048 4398 1219 4462 Minorum
1241 4398 1275 4461 in
1292 4397 1430 4480 longum
