3234 5059
153 353 186 453 1]
432 360 560 433 Grant
583 360 629 457 by
651 359 765 456 King
788 360 927 459 Henry
954 360 988 434 J.
1210 381 1258 452 43

154 538 320 608 Cotenham,
351 541 387 595 de
421 542 597 608 Lollewrthe,
627 542 664 597 de
696 543 891 614 Trumpitone,
923 544 959 599 de
989 542 1200 613 Haselingfeld,
1226 540 1262 595 de

154 626 319 697 Harletone,
340 629 376 684 de
398 630 592 699 Eueresdone,
612 630 649 685 de
673 630 748 700 Tost,
769 631 806 686 de
832 631 994 700 Caldecote,
1016 630 1052 685 de
1079 630 1261 699 Kingestone,

153 713 189 767 de
202 714 351 785 Wynepol,
370 716 406 770 de
426 716 606 783 Crawedene,
625 716 663 771 de
683 717 805 785 Haltele,
826 717 863 772 de
883 718 1101 789 Pampeswrthe,
1119 716 1156 772 de
1176 717 1262 772 Alde·

153 800 259 856 wincle.

207 892 343 948 Concessi
362 892 490 949 similiter
507 893 617 949 eisdem
636 893 789 949 Canonicis
806 894 949 965 quendam
966 895 1060 949 locum
1077 892 1217 950 iacentem
1232 894 1261 948 in
1276 899 1392 942 rotae-e

155 980 271 1050 Campis
292 981 472 1051 Cantebrigie
491 999 542 1052 pro
561 983 712 1037 tresdecim
733 983 807 1038 acris
829 983 904 1038 circa
926 984 1017 1038 sontes
1036 983 1072 1037 de
1091 982 1263 1037 Bamewelle
1275 951 1382 1043 ὥῗςῖἓῗι

152 1082 238 1136 quem
261 1069 402 1125 Henricus
422 1088 471 1125 rex
491 1070 577 1125 michi
598 1070 678 1125 dedit
698 1071 737 1125 ad
758 1072 876 1125 domum
897 1088 994 1125 eorum
1017 1070 1216 1125 stabiliendam
1235 1079 1262 1125 et
1276 1062 1355 1143 {gffi
1364 1100 1407 1143 ,he

153 1155 337 1223 fundandam,
361 1159 398 1212 ad
422 1158 586 1212 habendum
610 1168 639 1213 et
667 1159 822 1213 tenendum
852 1158 880 1212 in
909 1157 1027 1212 liberam
1057 1169 1084 1213 et
1109 1174 1209 1229 puram
1234 1168 1262 1212 et
1275 1150 1416 1243 ffiffis,

153 1254 318 1311 perpetuam
338 1245 532 1312 elemosinam,
549 1244 644 1311 libere,
662 1245 765 1314 quiete,
778 1243 894 1313 integre,
908 1260 926 1298 a
942 1262 1046 1314 magna
1063 1244 1158 1315 platea
1173 1260 1263 1315 usque
1410 1232 1417 1253 '

154 1330 183 1383 in
203 1328 335 1386 riuen'am
356 1332 393 1387 de
412 1332 602 1403 cantebrigia,
622 1333 651 1385 in
673 1332 750 1387 sicco
767 1342 796 1388 et
816 1332 844 1385 in
863 1330 992 1397 marisco,
1012 1332 1168 1388 secundum
1186 1331 1263 1404 quod

154 1418 233 1472 curia
255 1435 353 1475 eorum
378 1420 406 1475 in
430 1422 547 1490 longum
571 1420 738 1489 extenditur,
763 1432 792 1475 et
816 1420 889 1475 sicut
913 1420 1044 1475 dominus
1069 1436 1117 1475 rex
1141 1420 1211 1474 mihi
1234 1430 1263 1476 et

155 1504 306 1560 heredibus
324 1506 395 1561 meis
413 1506 491 1561 illum
510 1508 605 1562 locum
623 1507 709 1562 dedit

208 1595 343 1649 Concessi
360 1596 489 1651 similiter
504 1595 554 1663 eis,
573 1596 603 1649 in
622 1596 739 1650 liberam
756 1594 951 1663 elemosinam,
970 1610 1056 1649 unam
1075 1593 1172 1648 hidam
1192 1604 1264 1649 terre
1277 1598 1361 1650 andr}

154 1679 190 1736 de
204 1681 330 1737 dominio
343 1700 408 1739 meo
420 1684 450 1738 in
464 1686 588 1751 Brunna,
601 1694 629 1739 et
641 1683 790 1739 dimidiam
803 1684 901 1738 hidam
918 1694 990 1737 terre
1003 1683 1032 1737 in
1047 1684 1162 1737 Brunna
1178 1698 1264 1754 quam
1277 1647 1407 1750 imi&

157 1768 314 1825 Frebertus
322 1772 461 1842 presbiter
479 1772 568 1829 tenuit
583 1781 613 1827 et
625 1788 710 1827 vnam
722 1771 863 1841 virgatam
879 1780 952 1826 terre
968 1787 1054 1841 quam
1071 1769 1209 1825 Radulius
1227 1771 1264 1824 de
1277 1750 1303 1791 ¹¹¹
1318 1750 1426 1791 ΜΝ·

156 1856 297 1912 Mordone
315 1858 412 1915 tenuit.

211 1945 260 2015 Hij
273 1956 339 2002 sunt
351 1958 438 2004 testes
450 1957 504 2003 etc.

390 2223 438 2270 12.
483 2205 536 2270 De
555 2207 657 2270 cartas
677 2215 709 2269 et
728 2204 1034 2291 confimactbm'bur.
1276 2220 1293 2269 1.
1309 2221 1362 2284 131»

222 2402 349 2467 Omnes
368 2404 474 2467 eciam
496 2401 771 2468 confirmaciones
790 2425 856 2488 que
876 2404 1059 2469 necessarie
1079 2414 1173 2469 erant
1193 2414 1261 2469 tam
1276 2408 1402 2501 pnlgffi

155 2506 198 2570 de
224 2506 323 2570 rebus
348 2507 577 2590 spiritualibus
607 2529 708 2592 quam
739 2508 781 2573 de
813 2510 1052 2593 temporalibus
1082 2530 1165 2593 quas
1192 2511 1263 2593 ipse
1276 2508 1428 2602 ξιξξὲξζξζ,

154 2610 350 2687 contulerat,
365 2620 436 2674 tam
456 2611 499 2676 de
518 2632 651 2675 summo
670 2611 829 2697 pontifice
848 2633 949 2697 quam
971 2613 1013 2678 de
1036 2634 1112 2695 rege
1128 2613 1263 2696 Anglie,
1275 2608 1409 2701 {302ng

154 2712 404 2798 archiepiscopo
414 2714 656 2794 Cantuariensi,
666 2717 826 2800 episcopo
840 2716 1064 2781 Lincolniensi
1077 2728 1110 2780 et
1124 2716 1262 2799 Elyensi
1276 2671 1373 2752 '‘¹¹'‘AE

154 2817 282 2882 solicite
313 2820 514 2903 impetrauit,
541 2831 575 2885 et
605 2822 686 2905 ipsis
716 2824 885 2886 canonicis
916 2823 959 2886 ad
986 2832 1181 2905 perpetuam
1211 2822 1261 2886 sui

153 2924 365 2988 securitatem
381 2944 457 2988 cum
473 2945 598 3008 magno
612 2927 721 2991 cordis
738 2926 861 2991 affectu
876 2925 1055 2991 saluandas
1071 2925 1218 2989 tradidit.
1251 2948 1255 2957 ·

328 3213 375 3278 13.
421 3196 525 3263 Carta
540 3196 682 3279 gloriosi
702 3197 789 3281 regis
811 3196 952 3261 chrr'ci
964 3193 1095 3281 primi¹.

209 3381 246 3433 Η.
268 3382 329 3434 Rex
347 3379 450 3450 Anglie
469 3382 584 3437 Herueo
603 3380 749 3453 Episcopo
766 3382 802 3436 de
823 3378 893 3451 Ely¹
911 3391 939 3436 et
957 3380 1086 3437 Gilberto
1105 3378 1263 3435 vicecomiti
1279 3384 1345 3437 ΚΜ

154 3478 183 3523 et
206 3468 339 3523 omnibus
363 3470 519 3524 baronibus
543 3470 601 3524 suis
625 3469 729 3525 francis
757 3480 786 3525 et
814 3469 906 3540 anglis
931 3470 967 3525 de
993 3468 1265 3539 Cantebrigeschyre
1279 3435 1428 3536 {222¹ss

155 3556 283 3611 salutem.
1278 3535 1375 3628 ffiiss'
1389 3534 1428 3576 ¹⁰⁰

209 3642 312 3698 Sciatis
341 3660 388 3699 me
415 3644 528 3700 dedisse
556 3655 585 3701 et
613 3645 788 3701 concessisse
818 3645 854 3700 ad
884 3663 981 3717 preces
1012 3645 1118 3715 Pagani
1150 3644 1265 3699 Peuerel
1279 3636 1365 3727 mg
1374 3633 1429 3727 02¹¹

156 3729 309 3784 Canonicis
331 3729 367 3783 de
390 3730 573 3799 Cantebrigia
594 3731 688 3785 locum
709 3732 863 3801 quemdam
887 3733 916 3785 in
942 3730 1059 3801 Campis
1085 3729 1266 3799 Cantebngie
1287 3736 1395 3778 and-nd

155 3818 296 3873 iacentem
318 3816 393 3872 circa
414 3819 507 3872 fontes
525 3815 585 3890 [de]
608 3820 780 3875 Bernewelle
796 3836 848 3890 pro
866 3818 1016 3873 tresdecim
1038 3818 1113 3874 acris
1134 3830 1206 3874 terre
1228 3818 1265 3873 ad
1278 3797 1386 3879 antipae

155 3907 271 3961 domurn
280 3923 378 3961 eorum
387 3906 585 3961 stabiliendam
594 3917 622 3962 et
632 3908 782 3962 ecclesiam
791 3924 872 3961 suam
883 3906 1065 3961 fundandam.
1092 3905 1265 3961 Habendum
1279 3887 1387 3930 ‘'m''

154 4005 183 4051 et
193 3996 348 4051 tenendum
358 3996 385 4049 in
395 3995 513 4050 liberam
523 4006 550 4050 et
560 4005 725 4066 perpetuam
735 3996 920 4051 elemosinam
930 3995 1026 4063 libere,
1036 3996 1139 4065 quiete,
1149 3994 1265 4065 integre,

154 4081 184 4134 in
213 4081 290 4133 sicco
318 4089 346 4133 et
375 4080 506 4148 marisco,
527 4096 545 4134 a
568 4081 663 4151 platea
686 4097 776 4151 usque
801 4080 830 4133 in
855 4080 987 4134 riueriam
1012 4079 1048 4133 de
1073 4077 1265 4148 cantebrigia,

154 4168 312 4223 secundum
330 4168 407 4239 quod
425 4168 504 4222 curia
521 4184 618 4222 eorum
636 4167 665 4222 in
684 4168 798 4237 longum
818 4167 985 4223 extenditur.

372 4310 382 4343 ¹
400 4313 510 4378 Kingoi
519 4312 645 4378 England,
659 4326 672 4375 5
685 4313 753 4379 Aug.
768 4328 877 4364 noo-r
892 4315 955 4364 Dec.
971 4326 1040 4376 ¹¹35·

372 4392 384 4425 ²
400 4396 441 4460 Bp
451 4395 480 4445 oi
490 4395 546 4460 Ely,
560 4410 720 4461 1109-1131
735 4395 771 4461 (d.
784 4411 817 4460 30
828 4396 917 4460 Aegl.
