3234 5059
169 370 217 469 11]
489 373 635 446 Serme
660 374 708 470 os
727 372 949 447 Cumberton
1227 398 1274 468 93

206 574 224 638 3
228 572 256 637 5.
301 558 353 622 De
372 558 475 622 decem
497 559 612 623 solidis
633 558 780 623 redditus
800 581 839 623 cx
859 558 941 623 dono
965 557 1100 624 Comitis
1122 559 1245 624 Dauid

234 712 271 796 sj
310 715 394 780 sorte
429 726 586 799 queratur
620 716 734 799 aliquo
763 727 915 801 tempore
945 739 1013 801 quo
1043 726 1192 781 waranto
1222 716 1275 781 uel
1289 735 1408 837 ffiffip‘p

170 837 237 900 quo
267 817 336 882 iure
367 820 518 883 canonici
545 819 733 904 percipiunt
760 821 948 904 predictos,
962 834 986 883 x
1000 821 1145 885 ,solidos
1172 839 1273 885 annui
1289 835 1429 877 wercum

170 921 318 986 redditus
340 923 383 986 ab
404 924 484 1005 ipsis
505 922 725 1005 burgensibus
742 922 978 1006 Cantebrigie;
1001 924 1052 988 vel
1069 925 1096 988 si
1113 923 1197 988 iorte
1213 923 1275 1006 ipsi
1288 886 1433 1029 ffdgtbufm

170 1025 351 1110 burgenses
372 1028 476 1093 uelint
497 1028 692 1093 subtrahere
713 1030 881 1093 redditum
903 1031 1089 1114 predictum
1106 1030 1213 1093 donec
1229 1028 1276 1093 eis
1289 997 1412 1130 ffl'

170 1133 366 1197 ostendatur
385 1144 477 1197 carta
501 1133 643 1198 Comitis
667 1132 800 1212 Dauid;
829 1143 908 1198 tunc
932 1133 1202 1218 respondendum
1226 1142 1277 1197 est
1289 1137 1384 1189 Mitt·

169 1237 234 1299 sic:
268 1235 368 1320 Quod
397 1238 566 1301 Walterus
592 1238 635 1302 de
661 1238 881 1303 Wissendene
904 1238 997 1302 dedit
1020 1239 1067 1302 eis
1090 1238 1275 1322 predictum

170 1341 338 1406 redditum
350 1392 357 1407 .
371 1357 395 1406 x
406 1393 413 1407 .
424 1342 606 1407 solidorum
622 1343 762 1425 singulis
777 1342 873 1406 annis
889 1342 1121 1426 inperpetuum
1138 1342 1181 1405 ab
1196 1342 1277 1425 ipsis

170 1443 390 1527 burgensibus
417 1446 630 1529 Cantebrigie
657 1445 893 1529 recipiendum,
916 1466 1016 1529 quem
1040 1444 1175 1528 quidem
1202 1444 1277 1509 red-

171 1548 278 1613 ditum
302 1552 390 1615 idem
407 1551 575 1614 Walterus
596 1551 678 1613 emit
699 1551 741 1613 de
757 1550 890 1613 Thoma
906 1549 949 1612 de
965 1548 996 1612 la
1013 1549 1227 1626 Warderobe‚
1243 1558 1278 1613 et

171 1652 226 1716 iile
247 1652 397 1717 Thomas
418 1655 461 1719 de
484 1654 633 1718 Roberto
654 1652 723 1718 filio
744 1653 891 1729 Martini,
908 1664 942 1718 et
964 1653 1018 1717 ille
1043 1654 1210 1718 Robertus
1233 1653 1276 1717 de

173 1755 318 1820 Ricardo
352 1757 421 1821 filio
451 1757 620 1830 willelmi,
651 1767 686 1821 et
717 1757 772 1821 ille
803 1758 968 1823 Ricardus
998 1758 1085 1822 filius
1116 1757 1277 1823 Willelmi

171 1855 287 1921 habuit
314 1858 594 1924 illos.x.solidos
619 1880 680 1944 pro
703 1861 844 1924 seruicio
869 1882 930 1924 suo
953 1861 1015 1925 sibi
1040 1872 1074 1926 et
1100 1860 1277 1925 heredibus

171 1963 238 2025 suis
259 1962 311 2027 vel
332 1963 400 2025 suis
419 1964 596 2045 assignatis
616 1965 851 2047 inperpetuum
873 1986 917 2029 ex
938 1965 1124 2029 donacione
1144 1965 1277 2029 comitis

172 2058 285 2125 Dauid
301 2061 344 2125 de
360 2063 463 2125 tercio
479 2064 616 2125 denario
632 2084 692 2127 suo
708 2062 751 2127 de
766 2064 990 2145 Cantebrigia.

442 2279 491 2358 36.
538 2278 709 2343 Seriancia
732 2278 771 2342 de
797 2277 1014 2344 Cumbertone.

236 2432 406 2497 Seriancia
422 2432 561 2497 Roberti
577 2432 619 2497 de
638 2433 811 2517 Herdwyk
828 2436 860 2498 in
878 2432 1114 2507 Cumbertone,
1131 2454 1191 2517 pro
1207 2454 1274 2517 qua
1290 2448 1359 2541 3¹33
1366 2448 1416 2541 :¹32

170 2536 284 2601 debuit
298 2536 381 2601 serre
397 2538 546 2601 Domino
564 2538 649 2620 Regi
665 2538 804 2620 singuiis
816 2537 934 2602 diebus
946 2558 1049 2601 vnum
1062 2536 1274 2621 syminellum
1289 2551 1443 2642 g'ssflfflg}

168 2641 314 2705 calidum
341 2643 384 2707 ad
412 2641 589 2725 prandium
614 2664 721 2719 suum,
744 2653 779 2707 et
803 2664 864 2727 pro
887 2643 951 2707 hoc
975 2644 1114 2707 seruicio
1137 2642 1276 2707 deberet
1289 2650 1408 2742 {effi

169 2745 257 2809 idem
273 2746 439 2810 Robertus
450 2744 573 2809 habere
585 2746 734 2828 qualibet
749 2747 937 2830 septimana
952 2768 1055 2811 vnum
1072 2749 1273 2830 quarterium
1287 2757 1340 2794 τοῦ·

169 2850 325 2916 humenti
345 2860 379 2915 et
400 2861 508 2915 totum
529 2850 633 2915 furfur
653 2851 696 2915 de
716 2852 885 2917 dominico
908 2874 996 2937 pane
1018 2852 1145 2916 domini
1164 2853 1274 2935 Regis.

171 2954 217 3017 Et
243 2955 388 3019 alienata
412 2965 463 3019 est
489 2953 650 3018 seriancia
677 2955 733 3018 illa
763 2976 823 3038 per
852 2966 972 3039 partes,
1000 2957 1089 3020 unde
1121 2955 1212 3020 Prior
1242 2965 1276 3020 et

168 3058 320 3123 canonici
356 3059 398 3123 de
432 3059 634 3124 Berneweile
669 3069 785 3124 tenent
820 3062 930 3125 sexies
962 3060 1080 3143 viginti
1111 3070 1144 3124 et
1174 3080 1274 3124 vnam

169 3184 281 3229 acram
305 3174 399 3241 terre,
423 3185 488 3248 que
514 3165 628 3229 ualent
652 3186 711 3248 per
735 3186 860 3231 annum
885 3166 1064 3248 sexaginta
1089 3164 1215 3228 solidos
1240 3175 1274 3229 et

169 3289 230 3331 sex
254 3268 429 3345 denarios;
451 3278 582 3333 etcum
606 3269 698 3332 Prior
721 3272 874 3345 uenisset,
896 3268 997 3333 finem
1021 3268 1099 3332 inde
1121 3268 1275 3345 iacturus,

171 3370 336 3435 Dominus
365 3372 441 3435 Rex
469 3373 511 3435 de
536 3374 648 3454 gracia
674 3394 735 3436 sua
760 3373 896 3456 speciali
923 3373 1086 3436 concessit
1117 3373 1274 3454 predictis

170 3476 273 3540 Priori
304 3486 337 3540 et
368 3475 546 3541 Canonicis
576 3476 619 3541 de
646 3476 849 3541 Berneweile
880 3478 969 3560 quod
1002 3477 1131 3561 possint
1162 3486 1275 3540 tenere
1287 3492 1305 3543 s.
1323 3492 1384 3557 331)

169 3582 336 3667 predictas
350 3582 481 3646 sexcies
496 3584 613 3665 viginti
631 3592 664 3646 et
680 3602 781 3645 vnam
797 3602 908 3645 acram
926 3591 1010 3645 terre
1027 3580 1069 3644 de
1086 3582 1159 3664 ipso
1182 3580 1274 3662 Rege

168 3697 203 3751 et
223 3687 400 3751 heredibus
420 3686 488 3749 suis
509 3705 570 3769 pro
590 3685 731 3749 dimidia
752 3705 864 3749 marca
885 3706 945 3769 per
965 3705 1089 3749 annum
1107 3704 1167 3767 pro
1183 3684 1274 3748 omni

167 3791 308 3855 seruicio
324 3811 382 3874 per
397 3790 498 3854 breue
513 3790 606 3853 cuius
622 3798 728 3864 tenor,
742 3797 804 3852 etc

286 4017 335 4085 37.
379 4001 485 4066 Breue
504 4000 607 4084 Regis
626 3999 666 4062 de
689 3999 861 4064 Sm'ancia
884 3998 924 4062 de
947 3998 1160 4065 Cumbertone.

224 4154 388 4229 H[enricus]
400 4155 446 4211 dei
458 4155 554 4225 gracia
568 4156 628 4209 Rex
640 4154 742 4224 Anglie
751 4163 804 4209 etc.
844 4153 955 4209 Dilecto
964 4162 993 4209 et
1004 4152 1077 4208 fideli
1088 4172 1138 4208 suo
1149 4154 1274 4208 Roberto
1287 4162 1348 4205 rut·
1357 4162 1416 4206 tenu

169 4246 326 4302 Passelewe
336 4255 364 4300 et
373 4245 458 4316 socijs
469 4242 826 4314 suisJusticiariisadfines
835 4242 972 4297 seriancie
985 4241 1137 4311 assignatis
1145 4242 1272 4299 salutem.
1286 4212 1420 4306 ξὲῗῇῗω

222 4331 325 4389 Sciatis
342 4332 419 4404 quod
437 4332 629 4387 concessimus
649 4332 737 4385 Priori
755 4331 791 4386 de
810 4330 980 4385 Bemewelle
995 4330 1071 4399 quod
1087 4330 1150 4384 ilias
1167 4329 1273 4385 sexcies

166 4421 268 4493 viginti
287 4432 314 4475 et
333 4437 419 4474 unam
442 4436 522 4474 acras
540 4432 613 4474 terre
631 4436 702 4490 quas
721 4428 798 4473 tenet
817 4419 852 4473 de
872 4416 1010 4473 seriancia
1029 4418 1064 4472 de
1084 4417 1273 4473 Cumbertone
