3234 5059
164 392 238 491 vn]
442 392 480 465 T
473 400 605 466 enants
630 390 670 464 in
705 389 971 487 Whittlessord
1196 410 1267 481 313

230 576 404 660 Philippus
422 577 465 641 de
480 576 692 657 Scyreburne
707 583 799 638 tenet
815 575 848 637 in
869 572 1076 638 HolmesIeld
1096 572 1159 654 .iiij.
1176 590 1268 634 acras

163 690 250 745 terre
278 682 423 745 iacentes
450 681 536 744 inter
564 690 686 743 terram
719 679 858 743 Roberti
886 679 916 742 le
943 678 1098 761 Gigelere
1124 686 1158 739 et
1185 676 1270 739 inter

163 794 285 850 terram
316 805 381 867 que
410 795 547 849 vocatur
577 783 775 860 Grenedich,
801 793 835 847 et
865 783 1022 848 abuttant
1051 802 1151 865 super
1181 779 1269 844 Mid-

164 890 321 955 delmore
367 890 462 954 Idem
493 897 585 953 tenet
611 888 662 971 .vj.
689 909 782 954 acras
813 899 898 952 terre
929 888 962 951 in
993 888 1111 951 eodem
1138 904 1269 968 campo,

164 995 250 1059 inter
279 1005 400 1059 terram
432 994 627 1078 Baldewyni
662 994 704 1057 de
741 993 888 1076 Romely
917 1004 951 1057 et
986 1005 1107 1058 terram
1139 991 1269 1055 Thome

164 1106 343 1189 carectarij,
370 1115 404 1170 et
431 1106 587 1169 abuttant
614 1124 714 1189 super
744 1116 864 1169 terram
894 1105 1088 1187 Baldewyni
1116 1102 1269 1183 Dakeny.

167 1209 260 1273 Idem
284 1219 377 1274 tenet
399 1208 428 1291 .j.
452 1229 562 1273 acram
587 1219 621 1272 et
643 1209 818 1273 dimidiam
843 1210 874 1271 in
900 1208 1018 1272 eodem
1042 1228 1162 1290 campo
1186 1207 1271 1269 inter

164 1321 285 1377 terram
304 1314 381 1378 Ade
396 1314 426 1378 Ie
442 1314 591 1390 Chaneu,
605 1324 640 1378 et
655 1324 777 1378 terram
793 1313 944 1395 magistri
960 1312 1109 1388 Walteri,
1124 1320 1159 1374 et
1173 1309 1270 1374 abut-

164 1428 238 1483 tant
248 1440 347 1503 super
363 1428 485 1483 terram
501 1418 641 1502 predicti
659 1418 860 1499 Baldewyni.
902 1416 996 1480 Idem
1013 1425 1105 1479 tenet
1118 1413 1146 1497 .j.
1159 1434 1269 1478 acram

164 1533 249 1587 terre
273 1523 304 1586 in
327 1523 446 1587 eodem
473 1544 594 1606 campo
616 1544 715 1607 super
737 1522 918 1606 Waytehil,
938 1522 1023 1585 inter
1045 1532 1165 1585 terram
1190 1518 1269 1581 dicti

165 1625 243 1690 Ade
259 1625 289 1689 le
305 1627 452 1703 Chaneu,
464 1635 498 1691 et
514 1636 635 1691 terram
653 1625 792 1689 Walteri
809 1624 1077 1707 Waynesheued‚
1088 1634 1123 1688 et
1138 1624 1270 1687 abuttat

164 1735 400 1809 superterram
417 1726 557 1809 predicti
574 1725 769 1810 Baldewyni
787 1724 941 1808 Dakeny,

739 1825 881 1891 Summa
895 1824 965 1908 .xij.
980 1843 1056 1888 acre
1073 1833 1107 1887 et
1122 1822 1270 1887 dimidia.

231 1930 326 1995 Idem
358 1930 531 2015 Philippus
560 1940 654 1997 tenet
680 1933 714 1995 in
742 1930 945 1996 Stonhilseld
973 1939 1039 1995 tres
1066 1950 1159 1993 acras
1183 1937 1270 1991 terre
1284 1940 1301 1990 f.
1319 1953 1363 2003 175

165 2035 251 2099 inter
271 2046 392 2099 terram
416 2034 587 2119 Radulphi
608 2035 651 2099 de
673 2034 895 2100 Dokeswrthe
913 2043 947 2100 et
968 2044 1089 2098 terram
1110 2029 1269 2095 Willelmi

164 2138 207 2201 de
230 2138 450 2216 Stachedene,
466 2148 500 2203 et
520 2137 678 2203 abuttant
698 2149 937 2221 superterram
954 2136 1103 2219 magistri
1121 2135 1269 2198 Walteri.

166 2242 260 2307 Idem
282 2252 374 2307 tenet
395 2244 428 2305 in
451 2245 570 2308 eodem
591 2264 713 2327 campo
732 2243 774 2325 .ij.
790 2263 885 2307 acras
906 2244 991 2306 inter
1011 2252 1133 2306 terram
1150 2239 1269 2303 Balde-

163 2348 251 2430 wyni
280 2347 413 2412 Romeli
443 2357 477 2412 et
501 2357 625 2413 terram
657 2348 796 2412 Roberti
827 2347 858 2411 le
885 2346 1027 2431 Gigeler,
1053 2354 1088 2409 et
1114 2345 1269 2408 abuttant

164 2453 268 2517 vnder
287 2452 428 2517 Stonhil.
476 2453 570 2517 Idem
594 2461 686 2517 tenet
710 2453 743 2516 in
765 2450 886 2516 eodem
910 2470 1031 2533 campo
1051 2448 1080 2531 .j.
1101 2468 1211 2511 acram
1236 2456 1270 2511 et

164 2554 192 2637 ,3.
224 2555 340 2618 rodam
371 2564 465 2631 terre,
495 2556 582 2619 inter
610 2566 733 2620 terram
764 2555 897 2619 Thome
929 2553 1044 2617 Haket
1079 2562 1113 2616 et
1149 2562 1269 2615 terram

164 2658 295 2722 Thorne
330 2659 373 2722 de
404 2648 521 2735 Morle,
551 2668 585 2722 et
615 2658 748 2723 abuttat
779 2678 879 2741 super
914 2667 1035 2721 terram
1067 2654 1207 2718 Walteri
1240 2652 1271 2717 le

166 2762 384 2845 Frankeleyn‚
433 2763 527 2826 Idem
551 2772 644 2827 tenet
665 2785 703 2827 .v.
723 2783 817 2826 acras
841 2772 925 2826 terre
949 2762 982 2825 in
1007 2760 1125 2825 eodem
1150 2778 1270 2841 campo

164 2867 250 2930 inter
279 2876 399 2930 terram
432 2866 563 2929 Thome
590 2868 633 2931 de
661 2865 769 2930 Morle
795 2876 829 2930 et
855 2876 975 2929 terram
1006 2862 1199 2945 Baldewyni
1227 2861 1270 2926 de

166 2970 319 3052 Romcly,
332 2981 366 3034 et
377 2971 512 3035 abuttat
523 2991 623 3053 super
634 2970 864 3034 Thenestrate.
900 2968 995 3033 Idem
1012 2977 1105 3032 tenet
1116 2967 1145 3048 .j.
1158 2987 1268 3030 acram

163 3086 198 3140 et
218 3076 392 3139 dimidiam
410 3075 496 3141 inter
510 3086 634 3139 terram
655 3073 820 3157 Stephani
836 3073 879 3138 de
897 3072 1048 3148 Hatfeld,
1064 3082 1098 3136 et
1114 3072 1270 3135 abuttant

163 3202 264 3265 super
289 3190 411 3244 terram
439 3200 587 3264 persone
636 3180 728 3244 Idem
753 3189 847 3243 tenet
869 3180 953 3242 duas
976 3200 1069 3243 acras
1093 3179 1125 3241 in
1151 3178 1269 3241 eodem

164 3307 284 3370 campo
301 3286 390 3369 apud
405 3286 673 3370 Longiurlonges
689 3285 776 3347 inter
787 3294 909 3347 terram
923 3283 1072 3365 magistri
1085 3282 1223 3346 Walteri
1237 3291 1270 3345 et

164 3402 285 3455 terram
311 3390 475 3474 Stephani
496 3391 527 3454 le
551 3389 773 3472 Frankeleyn‚
793 3399 828 3452 et
849 3389 1007 3453 abuttant
1027 3407 1127 3470 super
1149 3397 1269 3451 terram

164 3496 304 3578 predicti
331 3494 481 3559 Walteri.
529 3493 623 3557 Idem
651 3503 744 3558 tenet
769 3492 834 3574 .vij.
861 3514 953 3556 acras
977 3502 1063 3556 terre
1090 3492 1122 3554 in
1151 3493 1270 3555 eodem

164 3614 284 3676 eampo
307 3595 393 3657 inter
414 3605 535 3658 terram
562 3593 710 3675 magistri
735 3592 875 3657 Walteri
898 3603 932 3657 et
955 3602 1076 3657 terram
1100 3592 1269 3674 quondam

163 3699 326 3782 Johannis
347 3698 390 3761 de
412 3696 563 3775 Hatseld,
579 3706 614 3761 et
635 3699 793 3762 abuttant
814 3718 913 3781 super
934 3708 1054 3761 terram
1077 3697 1208 3760 Thome
1228 3694 1271 3759 de

164 3804 281 3869 Morle,
325 3803 420 3868 Idem
437 3811 528 3867 tenet
545 3802 574 3886 .j.
591 3822 703 3866 acram
719 3812 805 3867 terre
821 3812 855 3868 et
870 3802 898 3884 .j.
915 3802 1030 3866 rodam
1048 3802 1134 3866 inter
1149 3812 1270 3865 terram

165 3908 242 3972 Ade
263 3906 294 3971 le
315 3906 454 3971 Chaneu
474 3916 509 3969 et
529 3915 650 3970 terram
673 3906 870 3990 Baldewyni
893 3906 1047 3989 Dakeny,
1063 3916 1097 3970 et
1112 3905 1270 3971 abuttant

50 4070 55 4079 .
163 4030 264 4093 super
278 4020 400 4074 terram
418 4010 589 4091 quondam
606 4009 738 4073 Thome
754 4009 913 4074 Attehaz.

507 4113 650 4178 Summa
664 4105 771 4196 xxiij.
787 4134 863 4177 acre
879 4124 913 4178 et
928 4113 1069 4178 dimidia
1084 4123 1118 4179 et
1133 4112 1162 4196 .j.
1179 4114 1269 4179 roda.

230 4218 326 4282 Idem
344 4217 518 4301 Philippus
534 4226 627 4282 tenet
643 4220 676 4281 in
694 4218 861 4302 Brigeseld
879 4218 907 4300 .j.
923 4239 1034 4283 acram
1047 4228 1082 4282 et
1093 4219 1268 4283 dimidiam

162 4334 196 4389 et
223 4323 252 4405 ,3.
279 4321 395 4386 rodam
426 4322 512 4386 inter
538 4330 660 4387 terram
688 4323 901 4405 preceptoris,
927 4331 961 4387 et
988 4322 1144 4387 abuttant
1171 4343 1271 4405 super

162 4438 284 4493 terram
309 4425 512 4508 Baldewyni.
559 4426 655 4490 Idem
679 4435 773 4491 tenet
794 4446 896 4489 vnam
921 4445 1031 4489 acram
1056 4434 1141 4489 terre
1165 4437 1198 4489 et
1220 4426 1269 4489 di-

163 4532 300 4597 midiam
322 4533 355 4595 in
378 4532 497 4595 eodem
518 4551 648 4613 campe,
669 4530 755 4595 Inter
775 4539 898 4595 terram
918 4528 1059 4593 Walteri
1082 4529 1269 4594 Mortelake
