3234 5059
368 357 437 427 114
565 336 777 437 Judgmnt
802 336 844 410 in
869 336 930 411 the
955 361 1034 410 case
1059 337 1107 432 of
1123 337 1274 411 Burton
1349 334 1469 434 [Boou

392 696 442 761 24.
480 680 653 765 sudreiam
677 681 712 746 in
734 682 831 746 banco
853 680 892 744 de
914 679 1059 744 Ecclesia
1081 679 1120 743 de
1141 678 1278 744 Birtone
1297 678 1442 743 Lincoln.

198 868 317 961 ffliffi
415 867 515 922 Assisa
530 867 608 923 uenit
624 866 803 936 recognitura
815 867 878 938 quis
895 867 1050 921 aduncatus
1067 876 1193 938 tempore
1205 866 1284 937 pacis
1296 865 1469 937 presentauit

197 970 240 1011 ene
250 967 352 1021 ngnror
362 954 490 1009 vltimam
508 972 728 1027 personamque
746 965 859 1010 mortua
876 965 919 1010 est
936 954 972 1009 ad
990 954 1139 1010 ecclesiam
1156 955 1193 1009 de
1210 956 1326 1010 Birtone
1343 954 1371 1008 in
1387 954 1468 1007 Kest-

197 1025 325 1112 ssffss⁸¹²²¹'
362 1058 451 1097 euene
463 1059 518 1113 que
534 1053 617 1097 vacat
636 1053 664 1098 et
683 1042 762 1096 cuius
781 1042 1004 1097 aduocacionem
1023 1042 1102 1096 Prior
1120 1042 1156 1097 de
1175 1042 1346 1097 Bemewelle
1365 1041 1469 1096 clamat

196 1120 336 1213 22⁰3&
362 1145 461 1184 uersus
486 1130 642 1185 Robertum
670 1131 707 1185 de
737 1131 957 1185 Brekeneberwe
981 1139 1010 1183 et
1034 1130 1201 1199 magistrum
1227 1130 1408 1199 Radulphum
1433 1128 1469 1183 de

196 1219 305 1313 imo
362 1218 515 1288 Wykham
550 1228 579 1273 et
608 1219 683 1272 vnde
716 1218 786 1272 dicit
819 1218 895 1288 quod
927 1216 1046 1287 ipsemet
1077 1229 1203 1288 tempore
1234 1218 1312 1288 pacis
1343 1227 1468 1289 tempore

199 1300 280 1372 nen)
364 1302 479 1359 Henrici
515 1303 588 1373 regis
618 1304 706 1375 patris
737 1304 811 1373 regis
843 1321 917 1359 nunc
947 1303 1047 1358 vltimo
1078 1304 1250 1374 presentauit
1280 1306 1317 1359 ad
1347 1304 1467 1358 eandem

361 1391 512 1448 ecclesiam
524 1392 668 1463 quendam
682 1394 827 1462 Rogerum
845 1392 880 1445 de
899 1390 1108 1460 Rauelingham
1126 1392 1259 1448 clericum
1275 1409 1358 1448 suum
1371 1391 1418 1463 qui
1432 1391 1468 1446 ad

361 1479 605 1550 presentaeionem
626 1497 708 1535 suam
728 1480 781 1535 tuit
802 1479 945 1534 admissus
966 1488 994 1532 et
1014 1478 1158 1535 institutus
1178 1497 1228 1549 per
1249 1482 1327 1534 cuius
1348 1489 1468 1534 mortem

360 1566 489 1637 predicta
508 1567 629 1623 ecclesia
650 1568 736 1622 modo
755 1576 846 1622 vacat.
884 1568 923 1621 Et
946 1566 1063 1637 predicti
1088 1568 1230 1622 Robertus
1252 1576 1279 1621 et
1302 1566 1468 1636 Radulphus

361 1655 432 1711 alias
444 1656 571 1711 fecemnt
583 1656 719 1711 defaltam
735 1664 889 1727 postquam
906 1654 1070 1709 summoniti
1088 1664 1149 1719 etc,
1163 1654 1270 1709 scilicet
1283 1672 1300 1709 a
1312 1655 1358 1709 die
1371 1663 1468 1709 sancte

361 1743 494 1799 trinitatis
513 1744 542 1797 in
559 1763 611 1798 .xv.
625 1744 695 1811 dies,
712 1743 752 1798 ita
770 1743 848 1814 quod
866 1751 932 1797 tunc
952 1742 1161 1797 consideratum
1180 1742 1231 1796 tuit
1247 1743 1323 1813 quod
1342 1742 1469 1812 predicta

360 1832 453 1887 assisa
464 1842 612 1901 caperetur
623 1849 723 1887 uersus
736 1849 785 1886 eos
797 1847 849 1902 per
862 1830 1005 1899 defaltam,
1019 1830 1070 1886 sed
1083 1842 1182 1901 postea
1194 1831 1245 1885 suit
1263 1831 1292 1885 in
1309 1841 1467 1901 respectum

360 1937 450 1992 usque
463 1922 500 1976 ad
512 1921 588 1975 hunc
600 1921 677 1976 diem
689 1938 741 1992 pro
754 1919 865 1975 deiectu
879 1920 1096 1989 recognitorum,
1109 1928 1161 1974 etc.

414 2008 453 2062 Et
473 2007 560 2078 jurati
585 2006 671 2063 modo
695 2016 833 2061 venerunt
858 2006 907 2077 qui
931 2005 1029 2060 dicunt
1050 2021 1135 2075 super
1155 2014 1363 2060 sacramentum
1386 2022 1467 2060 suum

360 2093 437 2167 quod
449 2092 592 2165 predictus
611 2094 690 2148 Prior
701 2094 801 2148 vltimo
818 2092 991 2164 presentauit
1008 2090 1166 2162 predictum
1180 2093 1322 2161 Rogemm
1335 2092 1467 2146 clericum

361 2199 444 2237 suum
463 2181 500 2236 ad
518 2181 676 2253 predictam
695 2182 844 2237 ecclesiam
863 2181 911 2253 qui
930 2181 967 2236 ad
986 2180 1230 2251 presentationem
1249 2198 1330 2236 suam
1349 2180 1400 2235 iuit
1418 2182 1466 2235 ad-

360 2271 465 2325 missus
489 2281 518 2326 et
541 2270 695 2325 institutus.
733 2272 771 2325 Et
793 2280 877 2325 antea
899 2270 1075 2339 presentauit
1096 2270 1239 2339 quendam
1265 2272 1407 2338 Rogerum
1431 2269 1467 2323 de

361 2359 568 2428 Rauelingham
590 2358 760 2414 auunculum
781 2358 898 2430 predicti
920 2357 1023 2428 Rogeri
1046 2357 1094 2429 qui
1116 2356 1243 2413 similiter
1265 2356 1301 2411 ad
1323 2367 1466 2428 presenta-

359 2448 471 2503 cionem
487 2446 605 2518 predicti
626 2446 729 2501 Prioris
745 2446 783 2501 ad
800 2446 921 2501 eandem
936 2446 990 2499 fuit
1007 2445 1147 2500 admissus
1164 2455 1192 2500 et
1209 2444 1359 2500 institutus.
1398 2425 1467 2501 ideo

360 2536 569 2590 consideratum
581 2543 624 2590 est
637 2535 713 2607 quod
726 2536 869 2604 predictus
883 2534 963 2588 Prior
973 2543 1117 2603 recuperet
1130 2532 1373 2601 presentacionem
1386 2549 1464 2588 suam

359 2638 458 2677 uersus
489 2621 631 2693 predictos
663 2624 820 2677 Robertum
849 2630 878 2676 et
911 2621 1101 2691 Radulphum,
1127 2630 1154 2674 et
1185 2620 1289 2675 habeat
1316 2620 1401 2675 breue
1430 2621 1466 2675 ad

359 2711 525 2781 episcopum
546 2710 773 2767 Lincolniensem
786 2711 863 2782 quod
880 2710 918 2765 ad
934 2710 1180 2779 presentacionem
1191 2708 1286 2778 vipsius
1306 2709 1410 2764 Prioris
1429 2709 1467 2763 ad

358 2798 516 2870 predictam
536 2798 686 2855 ecclesiam
707 2799 849 2867 ydoneam
872 2814 1022 2868 personam
1047 2796 1185 2851 admittat.
1224 2797 1262 2851 Et
1286 2796 1363 2851 idem
1388 2796 1467 2851 Prior

359 2898 503 2958 recuperet
520 2888 646 2959 dampna
662 2904 714 2941 sua
729 2903 780 2957 per
797 2894 942 2952 statutum,
955 2901 1010 2954 que
1027 2894 1160 2938 taxantur
1176 2900 1227 2953 per
1241 2883 1351 2952 juratos
1364 2885 1401 2938 ad
1414 2904 1465 2939 .xv.

359 2991 478 3042 marcas,
501 2992 536 3029 eo
556 2975 632 3047 quod
652 2975 780 3045 predicta
799 2974 919 3029 ecclesia
939 2974 1013 3028 valet
1038 2990 1088 3044 per
1112 2988 1219 3026 annum
1242 2979 1324 3026 .xxx2.
1347 2990 1464 3027 marcas.

360 3063 485 3129 Clericis,
498 3063 534 3117 de
546 3063 680 3133 predictis
690 3081 741 3117 .xv.
752 3062 864 3129 marcis,
875 3081 908 3116 .x.
922 3076 1025 3115 marce.
1053 3061 1090 3115 Et
1105 3061 1245 3115 Robertus
1255 3056 1286 3114 'et
1299 3060 1465 3132 Radulphus

359 3150 601 3207 inmisericordia

427 3290 522 3354 Istud
547 3289 720 3353 recordum
746 3288 932 3353 inuenietur
953 3290 986 3353 in
1008 3288 1155 3373 quodam
1174 3287 1299 3351 Rotulo
1323 3310 1367 3351 ex
1389 3288 1465 3353 alba

302 3382 342 3549 h
360 3402 455 3477 parte
476 3394 510 3457 in
526 3392 593 3457 fine
614 3392 739 3468 Rotuii,
757 3392 814 3457 ubi
836 3394 924 3457 istud
946 3394 1078 3475 signum
1100 3392 1313 3475 depingitur¹.
1363 3392 1466 3476 Apud

361 3497 697 3562 Westmonasterium
727 3516 839 3560 coram
871 3496 910 3560 Τ.
937 3495 980 3559 de
1006 3494 1189 3577 Weyland²
1218 3495 1252 3557 in
1283 3495 1406 3571 Banco,
1433 3498 1465 3560 in

360 3597 488 3663 octabis
515 3606 631 3661 sancte
662 3597 848 3671 Trinitatis
872 3616 961 3659 anno
988 3595 1079 3678 regni
1107 3595 1193 3678 regis
1221 3595 1380 3659 Edwardi
1408 3596 1464 3679 filij

361 3702 446 3786 regis
472 3701 610 3765 Henrici
634 3700 728 3783 xvj⁰⁸.

409 3884 420 3917 ¹
437 3887 554 3939 Collated
566 3886 628 3937 with
643 3887 686 3937 the
701 3887 806 3952 original
822 3887 849 3937 in
863 3886 906 3937 the
919 3886 1007 3937 Public
1019 3887 1119 3937 Record
1132 3886 1218 3948 Office,
1234 3888 1274 3939 De
1287 3889 1372 3939 Banco
1385 3889 1464 3951 Rolls,

361 3972 412 4022 No.
426 3984 465 4036 73,
480 3969 540 4020 Roll
552 3969 594 4036 96.
627 3970 762 4020 'lhehand
774 3970 919 4020 mentioned
931 3970 957 4019 in
972 3970 1015 4019 the
1031 3977 1082 4019 text
1098 3970 1118 4019 is
1134 3968 1185 4019 still
1203 3977 1230 4019 to
1248 3971 1280 4020 be
1298 3987 1357 4021 seen
1375 3989 1408 4023 on
1424 3972 1467 4023 the

360 4054 458 4118 margin
469 4061 495 4102 at
507 4052 550 4102 the
564 4053 662 4101 bottom
678 4051 707 4101 oi
721 4052 765 4101 the
781 4052 849 4109 Roll,
862 4051 944 4101 where
959 4052 1029 4102 there
1040 4052 1061 4101 is
1072 4068 1105 4101 an
1116 4052 1247 4117 unusuaiiy
1258 4054 1326 4119 large
1338 4070 1412 4120 space
1424 4064 1467 4105 not

360 4135 467 4187 covered
477 4136 512 4199 by
522 4134 629 4199 writing.
1407 4142 1412 4153 ·

409 4217 420 4251 ¹
436 4219 548 4268 Thomas
559 4218 592 4268 de
604 4217 729 4283 Weyland
740 4233 792 4267 was
803 4217 873 4267 chief
884 4218 973 4282 justice
985 4217 1014 4267 oi
1022 4216 1064 4267 the
1076 4225 1146 4267 oourt
1157 4217 1186 4267 oi
1194 4234 1310 4268 common
1322 4219 1400 4285 pleas.
1435 4221 1466 4270 In

359 4304 402 4353 the
413 4318 472 4367 year
482 4301 612 4367 following
623 4299 775 4366 (miii-89)
787 4302 820 4351 he
831 4316 883 4351 was
893 4301 1023 4366 disgraced
1035 4300 1085 4350 and
1097 4300 1186 4350 exiled.

408 4384 420 4418 ⁸
435 4385 519 4437 Tbese
529 4385 612 4435 words
625 4386 641 4411 ‘¹
647 4382 836 4450 Apud-xvj⁰.”
848 4400 890 4434 are
902 4384 943 4436 the
954 4384 1064 4451 heading
1076 4383 1105 4433 oi
1113 4384 1156 4434 the
1168 4383 1236 4435 Roll.
