3234 5059
331 363 402 432 204
536 339 574 411 Τ
568 339 612 411 he
638 337 802 413 Conveni
827 338 998 435 appoints
1022 364 1046 411 a
1072 336 1234 412 Proctor
1313 336 1432 436 [BooK

327 528 355 572 et
376 518 439 587 alijs
460 519 643 575 ecclesiarum
663 536 720 574 non
743 520 947 575 cathedralium
969 520 1083 590 prelatis
1105 518 1153 591 qui
1171 529 1288 589 presunt
1306 518 1433 588 collegiis

327 608 514 676 obseruando,
533 609 573 663 ita
597 609 688 665 eciam
712 610 789 680 quod
814 608 913 680 prelati
937 618 967 663 et
989 607 1123 679 prepositi
1148 607 1310 662 huiusmodi
1332 624 1350 661 a
1374 606 1433 661 suis

328 695 454 765 collegijs
471 707 664 765 procuratores
681 695 808 751 similiter
825 694 1003 759 ordinentur;
1021 713 1073 766 pro
1090 695 1207 764 singulis
1220 710 1287 749 uero
1304 694 1433 764 capitulis

328 783 532 838 cathedralium
551 783 734 838 ecclesiarum
753 786 873 838 Decano
891 794 919 838 et
937 784 1037 838 maiori
1055 783 1266 838 Archidiacono
1284 782 1433 837 cuiuslibet

328 869 497 924 cathedralis
510 869 636 937 ecclesie,
644 870 682 923 ab
694 869 763 940 ipsis
776 869 906 940 capitulis
919 871 956 924 ad
969 869 1044 924 idem
1054 870 1213 924 Concilium
1222 886 1288 924 cum
1297 869 1434 923 mandato

329 956 412 1011 simili
436 957 630 1022 destinandis;
655 967 683 1011 et
706 957 770 1027 alijs
792 958 921 1028 personis
942 958 1096 1012 maioribus
1117 957 1244 1012 eiusdem
1265 956 1390 1026 capituli,
1410 957 1434 1009 si

328 1045 419 1100 dictos
435 1047 575 1100 decanum
591 1055 619 1098 et
635 1045 876 1100 Archidiaconum
894 1047 939 1101 uel
955 1063 1051 1102 eorum
1069 1046 1189 1101 alterum
1202 1044 1331 1116 impediri
1344 1045 1434 1099 conti-

328 1133 408 1204 gerit,
421 1134 450 1187 in
463 1134 587 1204 ipsorum
601 1133 695 1188 locum
708 1134 903 1202 subrogandis.

382 1223 446 1290 Quo
460 1221 534 1276 circa
547 1220 713 1277 fraternitati
726 1231 773 1276 tue
781 1239 833 1292 per
842 1222 999 1293 apostolica
1008 1222 1112 1293 scripta
1122 1222 1291 1276 mandamus
1300 1221 1433 1292 quatinus

328 1311 519 1381 prouisionem
532 1309 693 1365 huiusmodi
706 1310 872 1366 auctoritate
885 1321 983 1366 nostra
994 1328 1044 1382 per
1053 1321 1131 1366 tuam
1140 1309 1317 1382 prouinciam
1326 1308 1434 1364 denun-

329 1398 394 1466 cies,
408 1411 437 1454 et
448 1401 568 1454 mandes
581 1399 733 1454 obseruari.

384 1489 491 1542 Datum
506 1487 635 1557 Lugduni
643 1487 696 1541 .xii.
706 1487 760 1542 kal.
769 1487 904 1558 Januarij‚
914 1487 1097 1542 Pontificatus
1110 1484 1197 1541 nostri
1211 1502 1288 1541 anno
1300 1484 1433 1540 secundo

610 1764 637 1826 8.
682 1763 876 1827 Procuracio
897 1763 945 1826 ad
965 1763 1151 1828 Concilium.

168 1917 272 2008 symon,
385 1913 570 1970 sanctissimo
595 1915 624 1968 in
650 1915 762 1969 Christo
787 1916 860 1985 patri
884 1925 912 1969 et
937 1916 1053 1970 domino
1078 1913 1240 1987 G[regorio]
1264 1914 1310 1971 dei
1338 1913 1434 1982 gracia

168 1969 303 2066 himen.
331 2013 510 2057 sacrosancte
527 2003 656 2057 Romane
672 2019 705 2057 ac
718 2003 884 2058 uniuersalis
901 2005 1018 2058 ecclesie
1034 2020 1145 2057 summo
1160 2003 1286 2073 pontifici
1304 1998 1434 2072 S[ymon]

166 2069 316 2170 {ffifflf'
331 2092 444 2147 humilis
458 2093 536 2146 Prior
549 2093 584 2146 de
599 2092 768 2147 Bernewelle
781 2103 809 2146 et
821 2092 948 2147 eiusdem
962 2093 1016 2146 loci
1029 2102 1185 2146 conuentus
1196 2109 1260 2145 cum
1271 2088 1434 2145 omnimoda

167 2178 318 2260 ‘ffel-thum·
330 2180 491 2235 reuerencia
504 2191 531 2235 et
544 2179 718 2234 subiectione
730 2180 888 2234 humillima
900 2179 1004 2250 pedum
1017 2181 1113 2234 oscula
1125 2180 1280 2234 beatorum.

167 2267 251 2359 25¹¹OE
261 2277 306 2309 Μ’
384 2269 568 2323 Altitudinem
582 2268 694 2339 superni
707 2268 816 2339 consilij
827 2284 883 2338 quo
895 2284 947 2322 uos
958 2268 1090 2322 dominus
1100 2267 1137 2320 ad
1147 2267 1272 2321 dandam
1282 2265 1434 2321 scienciam

167 2329 305 2410 whffihhi
331 2355 429 2410 salutis
453 2356 527 2426 plebi
553 2355 614 2411 eius
639 2366 666 2410 et
688 2357 767 2426 vicijs
789 2356 963 2427 extirpandis
985 2357 1161 2428 preparando
1183 2354 1300 2409 domino
1322 2353 1434 2423 plebem

167 2419 297 2512 ῗὲῗῒζξῖ,
330 2444 483 2515 perfectam
508 2445 535 2498 in
561 2446 676 2516 specula
700 2462 750 2500 sue
775 2445 921 2516 dignitatis
943 2445 1087 2500 constituit
1109 2455 1275 2499 venerantes
1296 2452 1434 2514 quantum

168 2519 218 2611 {22
227 2530 299 2620 bgg'
330 2549 479 2602 possumus
496 2534 605 2601 gracias
622 2533 741 2588 humiles
758 2534 855 2588 diuine
869 2534 1014 2589 referimus
1026 2533 1176 2588 maiestati.
1214 2533 1252 2587 Et
1264 2549 1298 2586 ex
1310 2548 1345 2586 eo
1357 2530 1434 2601 quod

167 2621 273 2712 {⁸⁸5ssss
330 2630 422 2676 uestre
447 2621 600 2690 prudencia
621 2621 787 2690 sanctitatis,
809 2621 930 2678 subditis
951 2621 1111 2676 humaniter
1134 2621 1375 2686 condescendens,
1396 2617 1434 2672 ad

170 2681 276 2762 uighard
285 2719 316 2760 te
331 2709 561 2763 reformacionem
573 2719 601 2763 et
613 2708 797 2764 directionem
810 2719 900 2764 status
912 2709 1076 2763 vniuersalis
1089 2708 1207 2763 ecclesie
1216 2719 1245 2763 et
1254 2718 1326 2763 terre
1336 2716 1434 2762 sancte

168 2770 285 2862 mim
331 2795 458 2848 laborare
476 2795 608 2861 decreuit,
625 2805 740 2850 sanctos
759 2795 902 2865 primates,
916 2795 1098 2865 patriarchas,
1110 2796 1348 2866 archiepiscopos,
1361 2793 1434 2863 epis·

168 2871 276 2986 depufyb
301 2894 458 2972 bcopos,et
466 2893 573 2938 ceteros
582 2883 704 2954 prelatos
712 2883 876 2938 vniuersalis
885 2883 1213 2940 ecclesieadConcilium
1222 2900 1272 2952 pro
1280 2882 1435 2938 eorundem

243 2957 250 2972 ’
280 2937 293 2988 ⁷
332 2972 534 3026 reformacione
547 2973 646 3027 celitus
658 2973 851 3040 conuocando,
865 2989 919 3043 que
932 2982 1012 3027 tanta
1023 2971 1115 3028 eciam
1128 2971 1336 3041 preeminencia
1348 2971 1435 3042 pollet

332 3057 486 3130 potestatis,
499 3068 527 3114 et
543 3061 713 3115 excellencia
728 3061 823 3130 gracie
839 3061 969 3131 specialis
985 3078 1040 3132 que
1056 3061 1125 3130 ligat
1142 3070 1170 3114 et
1185 3061 1277 3126 soluit,
1290 3059 1395 3114 claudit
1407 3069 1436 3113 et

331 3156 444 3215 reserat,
464 3147 596 3217 deprimit
615 3158 642 3202 et
661 3149 774 3216 solatur,
792 3148 889 3219 sicque
906 3159 1016 3216 gratam
1034 3148 1132 3203 tribuit
1150 3148 1263 3203 cuilibet
1281 3146 1436 3218 postulanti

330 3235 407 3305 quod
419 3233 496 3289 iuxta
508 3235 657 3288 accionum
670 3252 783 3290 suarum
796 3234 905 3302 merita,
919 3233 1139 3306 deuocionisque
1151 3235 1298 3303 feruorem,
1311 3243 1436 3305 reportet

331 3323 495 3390 remedium,
512 3333 542 3378 et
563 3322 592 3378 in
612 3323 669 3378 suis
691 3323 848 3379 defectibus
866 3323 973 3379 senciat
992 3324 1021 3378 in
1043 3323 1155 3379 fortuna
1176 3325 1315 3379 iuuamen.
1358 3324 1435 3378 Hinc

331 3420 381 3475 est,
400 3418 481 3480 pater
502 3409 688 3478 sanctissime,
707 3411 784 3482 quod
803 3428 869 3466 cum
890 3411 963 3465 inter
984 3411 1107 3481 prelatos
1128 3410 1294 3466 uniuersalis
1316 3413 1436 3466 ecclesie

331 3509 358 3554 et
375 3499 481 3553 clerum
498 3499 653 3554 secundum
671 3511 765 3556 nostre
782 3499 896 3570 pietatis
912 3499 1023 3567 affatus,
1036 3501 1073 3555 ad
1091 3500 1261 3571 prelibatum
1275 3500 1435 3556 Concilium

330 3597 501 3642 conuocatos
515 3588 666 3643 vehemens
683 3589 855 3644 desiderium
872 3604 924 3643 nos
941 3589 1073 3655 concutit,
1087 3587 1220 3655 stimulat,
1234 3597 1261 3643 et
1278 3590 1392 3658 perurit,
1405 3600 1434 3645 vt
1491 3598 1494 3602 ’

331 3675 359 3729 in
372 3685 464 3731 uestre
474 3677 599 3748 piissime
608 3676 815 3732 dominacionis
825 3687 979 3749 conspectu
989 3678 1065 3732 iuxta
1074 3677 1160 3734 uestri
1171 3678 1298 3732 mandati
1309 3688 1436 3735 tenorem

330 3781 477 3835 possemus
490 3781 659 3834 comparere.

384 3852 442 3906 Sed
454 3852 574 3907 aduersa
585 3851 710 3923 corporis
723 3853 778 3907 mei
792 3852 896 3908 Prioris
909 3855 1042 3920 ualitudo,
1055 3865 1084 3910 et
1096 3855 1258 3925 inpotencia
1270 3855 1434 3912 facultatum

331 3939 419 3993 nostri
432 3939 603 4009 monasteriJ,
611 3956 667 3995 non
680 3941 846 4012 permittunt
858 3959 904 3996 me
917 3942 1043 3997 Priorem
1056 3959 1164 4013 prome
1177 3952 1204 3997 et
1217 3955 1358 3999 conuentu
1371 3962 1435 4001 meo

331 4025 515 4096 personaliter
528 4027 556 4080 in
574 4038 666 4082 uestre
683 4027 840 4083 maiestatis
852 4030 1000 4100 presencia
1013 4046 1183 4100 comparere,
1198 4048 1249 4086 nec
1267 4044 1435 4103 conceptum

332 4115 503 4169 desiderium
527 4114 689 4184 adimplere.
732 4115 828 4185 Quare
849 4117 1008 4172 sanctitatis
1033 4129 1125 4172 uestre
1147 4119 1266 4190 pedibus
1288 4122 1435 4191 prouoluti,

331 4201 522 4272 supplicamus
534 4199 677 4256 humiliter
689 4211 717 4256 et
729 4201 841 4269 deuote,
854 4203 988 4272 quatinus
1001 4214 1094 4259 uestre
1106 4206 1221 4275 pietatis
1234 4208 1370 4262 serenitas
1383 4225 1436 4263 nos

331 4300 389 4344 tam
407 4288 573 4357 necessarijs
590 4290 683 4344 causis
701 4291 863 4361 prepeditos
879 4303 1028 4347 excusatos
1044 4294 1112 4348 uelit
1126 4293 1239 4359 babere,
1253 4307 1436 4367 nostrumque

329 4391 547 4450 procuratorem,
568 4379 733 4448 magistrum
757 4379 912 4435 Ricardum
935 4381 971 4436 de
991 4381 1134 4451 Nedbam‚
1153 4383 1182 4435 in
1201 4383 1305 4437 nostris
1323 4401 1437 4439 excusa·
