<?xml version="1.0" encoding="UTF-8"?>
<!DOCTYPE html PUBLIC "-//W3C//DTD XHTML 1.0 Transitional//EN"
    "http://www.w3.org/TR/xhtml1/DTD/xhtml1-transitional.dtd">
<html xmlns="http://www.w3.org/1999/xhtml" xml:lang="en" lang="en">
 <head>
  <title>
</title>
<meta http-equiv="Content-Type" content="text/html;charset=utf-8" />
  <meta name='ocr-system' content='tesseract 3.04.00' />
  <meta name='ocr-capabilities' content='ocr_page ocr_carea ocr_par ocr_line ocrx_word'/>
</head>
<body>
  <div class='ocr_page' id='page_1' title='image "./libermemorandor00clargoog/libermemorandor00clargoog_0250.png"; bbox 0 0 3234 5059; ppageno 0'>
   <div class='ocr_carea' id='block_1_1' title="bbox 352 355 1450 457">
    <p class='ocr_par' dir='ltr' id='par_1_1' title="bbox 352 355 1450 457">
     <span class='ocr_line' id='line_1_1' title="bbox 352 355 1450 457; baseline -0.006 -24"><span class='ocrx_word' id='word_1_1' title='bbox 352 362 418 433; x_wconf 89' lang='lat'>182</span> <span class='ocrx_word' id='word_1_2' title='bbox 489 360 592 434; x_wconf 83' lang='lat' dir='ltr'>How</span> <span class='ocrx_word' id='word_1_3' title='bbox 616 359 677 433; x_wconf 75' lang='lat' dir='ltr'>rlae</span> <span class='ocrx_word' id='word_1_4' title='bbox 704 355 859 457; x_wconf 78' lang='lat' dir='ltr'>Slzmff</span> <span class='ocrx_word' id='word_1_5' title='bbox 876 359 1028 454; x_wconf 81' lang='lat' dir='ltr'>escaped</span> <span class='ocrx_word' id='word_1_6' title='bbox 1038 356 1283 454; x_wconf 73' lang='lat' dir='ltr'><em>punishment</em></span> <span class='ocrx_word' id='word_1_7' title='bbox 1331 356 1450 455; x_wconf 77' lang='lat' dir='ltr'>[nobit</span> 
     </span>
    </p>
   </div>
   <div class='ocr_carea' id='block_1_2' title="bbox 187 540 1458 1844">
    <p class='ocr_par' dir='ltr' id='par_1_2' title="bbox 187 540 1458 1844">
     <span class='ocr_line' id='line_1_2' title="bbox 346 540 1451 616; baseline -0.007 -16"><span class='ocrx_word' id='word_1_8' title='bbox 346 545 455 616; x_wconf 81' lang='lat' dir='ltr'>absque</span> <span class='ocrx_word' id='word_1_9' title='bbox 467 545 603 600; x_wconf 88' lang='lat' dir='ltr'>mandato</span> <span class='ocrx_word' id='word_1_10' title='bbox 615 554 712 600; x_wconf 87' lang='lat' dir='ltr'>nostro</span> <span class='ocrx_word' id='word_1_11' title='bbox 723 545 769 599; x_wconf 89' lang='lat' dir='ltr'>vel</span> <span class='ocrx_word' id='word_1_12' title='bbox 780 543 838 598; x_wconf 88' lang='lat' dir='ltr'>alia</span> <span class='ocrx_word' id='word_1_13' title='bbox 849 559 936 600; x_wconf 85' lang='lat' dir='ltr'>causa</span> <span class='ocrx_word' id='word_1_14' title='bbox 947 543 1113 600; x_wconf 87' lang='lat' dir='ltr'>racionabili</span> <span class='ocrx_word' id='word_1_15' title='bbox 1125 543 1153 596; x_wconf 90' lang='lat' dir='ltr'>vi</span> <span class='ocrx_word' id='word_1_16' title='bbox 1165 554 1193 598; x_wconf 90' lang='lat' dir='ltr'>et</span> <span class='ocrx_word' id='word_1_17' title='bbox 1209 541 1296 597; x_wconf 76' lang='lat' dir='ltr'>mmis</span> <span class='ocrx_word' id='word_1_18' title='bbox 1313 540 1451 596; x_wconf 83' lang='lat' dir='ltr'>accedens</span> 
     </span>
     <span class='ocr_line' id='line_1_3' title="bbox 347 628 1452 704; baseline -0.007 -17"><span class='ocrx_word' id='word_1_19' title='bbox 347 632 383 687; x_wconf 89' lang='lat' dir='ltr'>ad</span> <span class='ocrx_word' id='word_1_20' title='bbox 396 632 536 704; x_wconf 87' lang='lat' dir='ltr'>prelatum</span> <span class='ocrx_word' id='word_1_21' title='bbox 549 633 705 688; x_wconf 88' lang='lat' dir='ltr'>manerium</span> <span class='ocrx_word' id='word_1_22' title='bbox 715 643 811 704; x_wconf 90' lang='lat' dir='ltr'>portas</span> <span class='ocrx_word' id='word_1_23' title='bbox 821 632 939 703; x_wconf 83' lang='lat' dir='ltr'>predicti</span> <span class='ocrx_word' id='word_1_24' title='bbox 951 631 1055 686; x_wconf 89' lang='lat' dir='ltr'>Prioris</span> <span class='ocrx_word' id='word_1_25' title='bbox 1065 631 1170 686; x_wconf 83' lang='lat' dir='ltr'>ibidem</span> <span class='ocrx_word' id='word_1_26' title='bbox 1178 631 1269 700; x_wconf 81' lang='lat' dir='ltr'>tregit,</span> <span class='ocrx_word' id='word_1_27' title='bbox 1277 638 1306 684; x_wconf 88' lang='lat' dir='ltr'>et</span> <span class='ocrx_word' id='word_1_28' title='bbox 1312 628 1452 700; x_wconf 89' lang='lat' dir='ltr'>quosdam</span> 
     </span>
     <span class='ocr_line' id='line_1_4' title="bbox 347 717 1452 792; baseline -0.008 -15"><span class='ocrx_word' id='word_1_29' title='bbox 347 721 478 777; x_wconf 88' lang='lat' dir='ltr'>homines</span> <span class='ocrx_word' id='word_1_30' title='bbox 493 737 543 792; x_wconf 90' lang='lat' dir='ltr'>per</span> <span class='ocrx_word' id='word_1_31' title='bbox 559 721 681 776; x_wconf 89' lang='lat' dir='ltr'>balliuos</span> <span class='ocrx_word' id='word_1_32' title='bbox 697 720 816 792; x_wconf 86' lang='lat' dir='ltr'>predicti</span> <span class='ocrx_word' id='word_1_33' title='bbox 836 721 939 775; x_wconf 88' lang='lat' dir='ltr'>Prioris</span> <span class='ocrx_word' id='word_1_34' title='bbox 955 721 992 775; x_wconf 92' lang='lat' dir='ltr'>de</span> <span class='ocrx_word' id='word_1_35' title='bbox 1006 721 1109 776; x_wconf 88' lang='lat' dir='ltr'>eodem</span> <span class='ocrx_word' id='word_1_36' title='bbox 1126 719 1253 774; x_wconf 87' lang='lat' dir='ltr'>manerio</span> <span class='ocrx_word' id='word_1_37' title='bbox 1265 734 1317 788; x_wconf 90' lang='lat' dir='ltr'>pro</span> <span class='ocrx_word' id='word_1_38' title='bbox 1328 717 1452 788; x_wconf 86' lang='lat' dir='ltr'>quadam</span> 
     </span>
     <span class='ocr_line' id='line_1_5' title="bbox 347 804 1453 881; baseline -0.007 -15"><span class='ocrx_word' id='word_1_39' title='bbox 347 810 572 881; x_wconf 79' lang='lat' dir='ltr'>transgressione</span> <span class='ocrx_word' id='word_1_40' title='bbox 599 811 668 881; x_wconf 90' lang='lat' dir='ltr'>ipsis</span> <span class='ocrx_word' id='word_1_41' title='bbox 696 809 820 881; x_wconf 88' lang='lat' dir='ltr'>inposita</span> <span class='ocrx_word' id='word_1_42' title='bbox 843 820 943 881; x_wconf 86' lang='lat' dir='ltr'>captos</span> <span class='ocrx_word' id='word_1_43' title='bbox 966 806 1020 880; x_wconf 90' lang='lat' dir='ltr'>[et]</span> <span class='ocrx_word' id='word_1_44' title='bbox 1043 808 1234 880; x_wconf 86' lang='lat' dir='ltr'>inprisonatos</span> <span class='ocrx_word' id='word_1_45' title='bbox 1258 816 1342 876; x_wconf 88' lang='lat' dir='ltr'>prout</span> <span class='ocrx_word' id='word_1_46' title='bbox 1365 804 1453 859; x_wconf 88' lang='lat' dir='ltr'>moris</span> 
     </span>
     <span class='ocr_line' id='line_1_6' title="bbox 347 895 1453 969; baseline -0.007 -13"><span class='ocrx_word' id='word_1_47' title='bbox 347 910 392 956; x_wconf 85' lang='lat' dir='ltr'>est</span> <span class='ocrx_word' id='word_1_48' title='bbox 409 900 515 956; x_wconf 88' lang='lat' dir='ltr'>ibidem</span> <span class='ocrx_word' id='word_1_49' title='bbox 530 917 548 952; x_wconf 94' lang='lat' dir='ltr'>a</span> <span class='ocrx_word' id='word_1_50' title='bbox 563 899 678 969; x_wconf 90' lang='lat' dir='ltr'>prisona</span> <span class='ocrx_word' id='word_1_51' title='bbox 695 900 742 954; x_wconf 90' lang='lat' dir='ltr'>illa</span> <span class='ocrx_word' id='word_1_52' title='bbox 756 899 875 956; x_wconf 85' lang='lat' dir='ltr'>extraxit</span> <span class='ocrx_word' id='word_1_53' title='bbox 891 909 919 954; x_wconf 90' lang='lat' dir='ltr'>et</span> <span class='ocrx_word' id='word_1_54' title='bbox 936 908 995 953; x_wconf 91' lang='lat' dir='ltr'>tam</span> <span class='ocrx_word' id='word_1_55' title='bbox 1014 898 1091 969; x_wconf 84' lang='lat' dir='ltr'>ipsos</span> <span class='ocrx_word' id='word_1_56' title='bbox 1107 897 1236 968; x_wconf 88' lang='lat' dir='ltr'>prisones</span> <span class='ocrx_word' id='word_1_57' title='bbox 1249 913 1335 967; x_wconf 88' lang='lat' dir='ltr'>quam</span> <span class='ocrx_word' id='word_1_58' title='bbox 1347 895 1453 949; x_wconf 90' lang='lat' dir='ltr'>Willel-</span> 
     </span>
     <span class='ocr_line' id='line_1_7' title="bbox 347 981 1454 1055; baseline -0.006 -15"><span class='ocrx_word' id='word_1_59' title='bbox 347 1003 427 1042; x_wconf 90' lang='lat' dir='ltr'>mum</span> <span class='ocrx_word' id='word_1_60' title='bbox 439 988 531 1055; x_wconf 88' lang='lat' dir='ltr'>Wlwy</span> <span class='ocrx_word' id='word_1_61' title='bbox 543 997 571 1042; x_wconf 94' lang='lat' dir='ltr'>et</span> <span class='ocrx_word' id='word_1_62' title='bbox 583 986 774 1042; x_wconf 86' lang='lat' dir='ltr'>Alexandrum</span> <span class='ocrx_word' id='word_1_63' title='bbox 787 986 824 1041; x_wconf 91' lang='lat' dir='ltr'>de</span> <span class='ocrx_word' id='word_1_64' title='bbox 837 986 949 1040; x_wconf 87' lang='lat' dir='ltr'>Cumba</span> <span class='ocrx_word' id='word_1_65' title='bbox 961 983 1081 1038; x_wconf 85' lang='lat' dir='ltr'>balliuos</span> <span class='ocrx_word' id='word_1_66' title='bbox 1093 982 1215 1054; x_wconf 87' lang='lat' dir='ltr'>predicti</span> <span class='ocrx_word' id='word_1_67' title='bbox 1229 981 1332 1037; x_wconf 87' lang='lat' dir='ltr'>Prioris</span> <span class='ocrx_word' id='word_1_68' title='bbox 1348 981 1454 1036; x_wconf 87' lang='lat' dir='ltr'>ibidem</span> 
     </span>
     <span class='ocr_line' id='line_1_8' title="bbox 348 1067 1455 1145; baseline -0.006 -16"><span class='ocrx_word' id='word_1_69' title='bbox 348 1075 423 1144; x_wconf 88' lang='lat' dir='ltr'>cepit</span> <span class='ocrx_word' id='word_1_70' title='bbox 435 1083 463 1128; x_wconf 88' lang='lat' dir='ltr'>et</span> <span class='ocrx_word' id='word_1_71' title='bbox 476 1090 525 1128; x_wconf 92' lang='lat' dir='ltr'>eos</span> <span class='ocrx_word' id='word_1_72' title='bbox 538 1074 615 1145; x_wconf 92' lang='lat' dir='ltr'>apud</span> <span class='ocrx_word' id='word_1_73' title='bbox 627 1072 840 1143; x_wconf 81' lang='lat' dir='ltr'>Cantebrigiam</span> <span class='ocrx_word' id='word_1_74' title='bbox 852 1072 1039 1143; x_wconf 89' lang='lat' dir='ltr'>inprisonauit</span> <span class='ocrx_word' id='word_1_75' title='bbox 1052 1082 1080 1125; x_wconf 93' lang='lat' dir='ltr'>et</span> <span class='ocrx_word' id='word_1_76' title='bbox 1091 1087 1142 1126; x_wconf 86' lang='lat' dir='ltr'>eos</span> <span class='ocrx_word' id='word_1_77' title='bbox 1155 1070 1185 1124; x_wconf 89' lang='lat' dir='ltr'>in</span> <span class='ocrx_word' id='word_1_78' title='bbox 1201 1069 1317 1140; x_wconf 85' lang='lat' dir='ltr'>prisona</span> <span class='ocrx_word' id='word_1_79' title='bbox 1334 1067 1455 1123; x_wconf 86' lang='lat' dir='ltr'>detinuit</span> 
     </span>
     <span class='ocr_line' id='line_1_9' title="bbox 349 1157 1455 1234; baseline -0.005 -19"><span class='ocrx_word' id='word_1_80' title='bbox 349 1177 495 1234; x_wconf 86' lang='lat' dir='ltr'>quousque</span> <span class='ocrx_word' id='word_1_81' title='bbox 514 1161 660 1229; x_wconf 83' lang='lat' dir='ltr'>sexaginta</span> <span class='ocrx_word' id='word_1_82' title='bbox 678 1160 784 1216; x_wconf 87' lang='lat' dir='ltr'>solidos</span> <span class='ocrx_word' id='word_1_83' title='bbox 802 1179 820 1216; x_wconf 92' lang='lat' dir='ltr'>a</span> <span class='ocrx_word' id='word_1_84' title='bbox 838 1160 954 1230; x_wconf 83' lang='lat' dir='ltr'>prefatis</span> <span class='ocrx_word' id='word_1_85' title='bbox 972 1158 1154 1232; x_wconf 88' lang='lat' dir='ltr'>inprisonatis</span> <span class='ocrx_word' id='word_1_86' title='bbox 1175 1175 1227 1229; x_wconf 87' lang='lat' dir='ltr'>pro</span> <span class='ocrx_word' id='word_1_87' title='bbox 1247 1157 1455 1214; x_wconf 83' lang='lat' dir='ltr'>deliberacione</span> 
     </span>
     <span class='ocr_line' id='line_1_10' title="bbox 350 1244 1455 1318; baseline -0.006 -14"><span class='ocrx_word' id='word_1_88' title='bbox 350 1266 402 1304; x_wconf 91' lang='lat' dir='ltr'>sua</span> <span class='ocrx_word' id='word_1_89' title='bbox 422 1248 546 1318; x_wconf 77' lang='lat' dir='ltr'>extorsit,</span> <span class='ocrx_word' id='word_1_90' title='bbox 572 1257 599 1303; x_wconf 93' lang='lat' dir='ltr'>et</span> <span class='ocrx_word' id='word_1_91' title='bbox 620 1247 678 1302; x_wconf 87' lang='lat' dir='ltr'>alia</span> <span class='ocrx_word' id='word_1_92' title='bbox 699 1247 826 1303; x_wconf 87' lang='lat' dir='ltr'>enormia</span> <span class='ocrx_word' id='word_1_93' title='bbox 847 1249 889 1302; x_wconf 88' lang='lat' dir='ltr'>eis</span> <span class='ocrx_word' id='word_1_94' title='bbox 910 1247 1003 1301; x_wconf 91' lang='lat' dir='ltr'>intulit</span> <span class='ocrx_word' id='word_1_95' title='bbox 1024 1248 1063 1302; x_wconf 89' lang='lat' dir='ltr'>ad</span> <span class='ocrx_word' id='word_1_96' title='bbox 1082 1263 1169 1316; x_wconf 76' lang='lat' dir='ltr'>graue</span> <span class='ocrx_word' id='word_1_97' title='bbox 1188 1245 1345 1316; x_wconf 89' lang='lat' dir='ltr'>dampnum</span> <span class='ocrx_word' id='word_1_98' title='bbox 1366 1244 1455 1314; x_wconf 87' lang='lat' dir='ltr'>ipsius</span> 
     </span>
     <span class='ocr_line' id='line_1_11' title="bbox 352 1333 1455 1400; baseline -0.005 -10"><span class='ocrx_word' id='word_1_99' title='bbox 352 1334 456 1390; x_wconf 86' lang='lat' dir='ltr'>Prioris</span> <span class='ocrx_word' id='word_1_100' title='bbox 476 1345 504 1388; x_wconf 90' lang='lat' dir='ltr'>et</span> <span class='ocrx_word' id='word_1_101' title='bbox 528 1334 664 1389; x_wconf 87' lang='lat' dir='ltr'>libertatis</span> <span class='ocrx_word' id='word_1_102' title='bbox 689 1351 739 1390; x_wconf 88' lang='lat' dir='ltr'>sue</span> <span class='ocrx_word' id='word_1_103' title='bbox 763 1335 900 1390; x_wconf 89' lang='lat' dir='ltr'>lesionem</span> <span class='ocrx_word' id='word_1_104' title='bbox 925 1333 1115 1400; x_wconf 78' lang='lat' dir='ltr'>manifestam,</span> <span class='ocrx_word' id='word_1_105' title='bbox 1140 1344 1169 1388; x_wconf 91' lang='lat' dir='ltr'>et</span> <span class='ocrx_word' id='word_1_106' title='bbox 1199 1343 1299 1388; x_wconf 88' lang='lat' dir='ltr'>contra</span> <span class='ocrx_word' id='word_1_107' title='bbox 1327 1341 1455 1386; x_wconf 87' lang='lat' dir='ltr'>tenorem</span> 
     </span>
     <span class='ocr_line' id='line_1_12' title="bbox 350 1420 1455 1492; baseline -0.005 -14"><span class='ocrx_word' id='word_1_108' title='bbox 350 1433 491 1478; x_wconf 85' lang='lat' dir='ltr'>cartarum</span> <span class='ocrx_word' id='word_1_109' title='bbox 510 1431 538 1476; x_wconf 94' lang='lat' dir='ltr'>et</span> <span class='ocrx_word' id='word_1_110' title='bbox 555 1420 782 1476; x_wconf 87' lang='lat' dir='ltr'>confirmacionis</span> <span class='ocrx_word' id='word_1_111' title='bbox 801 1430 896 1476; x_wconf 88' lang='lat' dir='ltr'>nostre</span> <span class='ocrx_word' id='word_1_112' title='bbox 914 1421 1104 1492; x_wconf 86' lang='lat' dir='ltr'>predictarum</span> <span class='ocrx_word' id='word_1_113' title='bbox 1122 1431 1150 1476; x_wconf 89' lang='lat' dir='ltr'>et</span> <span class='ocrx_word' id='word_1_114' title='bbox 1169 1429 1267 1475; x_wconf 89' lang='lat' dir='ltr'>contra</span> <span class='ocrx_word' id='word_1_115' title='bbox 1278 1435 1379 1490; x_wconf 89' lang='lat' dir='ltr'>pacem</span> <span class='ocrx_word' id='word_1_116' title='bbox 1392 1436 1455 1473; x_wconf 91' lang='lat' dir='ltr'>nos-</span> 
     </span>
     <span class='ocr_line' id='line_1_13' title="bbox 350 1507 1392 1581; baseline -0.003 -15"><span class='ocrx_word' id='word_1_117' title='bbox 350 1521 423 1566; x_wconf 90' lang='lat' dir='ltr'>tram</span> <span class='ocrx_word' id='word_1_118' title='bbox 436 1521 466 1566; x_wconf 89' lang='lat' dir='ltr'>vt</span> <span class='ocrx_word' id='word_1_119' title='bbox 478 1507 610 1580; x_wconf 87' lang='lat' dir='ltr'>dicit[ur].</span> <span class='ocrx_word' id='word_1_120' title='bbox 648 1511 688 1564; x_wconf 89' lang='lat' dir='ltr'>Et</span> <span class='ocrx_word' id='word_1_121' title='bbox 699 1509 830 1565; x_wconf 87' lang='lat' dir='ltr'>habeatis</span> <span class='ocrx_word' id='word_1_122' title='bbox 841 1511 880 1565; x_wconf 94' lang='lat' dir='ltr'>ibi</span> <span class='ocrx_word' id='word_1_123' title='bbox 894 1510 1011 1566; x_wconf 92' lang='lat' dir='ltr'>nomina</span> <span class='ocrx_word' id='word_1_124' title='bbox 1022 1509 1178 1581; x_wconf 82' lang='lat' dir='ltr'>plegiorum</span> <span class='ocrx_word' id='word_1_125' title='bbox 1190 1518 1219 1565; x_wconf 94' lang='lat' dir='ltr'>et</span> <span class='ocrx_word' id='word_1_126' title='bbox 1231 1510 1286 1564; x_wconf 93' lang='lat' dir='ltr'>hoc</span> <span class='ocrx_word' id='word_1_127' title='bbox 1298 1509 1392 1563; x_wconf 87' lang='lat' dir='ltr'>breue.</span> 
     </span>
     <span class='ocr_line' id='line_1_14' title="bbox 187 1595 1456 1668; baseline -0.005 -13"><span class='ocrx_word' id='word_1_128' title='bbox 187 1612 249 1656; x_wconf 76' lang='lat' dir='ltr'>ruta</span> <span class='ocrx_word' id='word_1_129' title='bbox 257 1611 314 1654; x_wconf 79' lang='lat' dir='ltr'>wrtr</span> <span class='ocrx_word' id='word_1_130' title='bbox 404 1601 490 1655; x_wconf 85' lang='lat' dir='ltr'>Teste</span> <span class='ocrx_word' id='word_1_131' title='bbox 504 1598 658 1653; x_wconf 89' lang='lat' dir='ltr'>Edmundo</span> <span class='ocrx_word' id='word_1_132' title='bbox 672 1597 783 1652; x_wconf 88' lang='lat' dir='ltr'>Comite</span> <span class='ocrx_word' id='word_1_133' title='bbox 795 1596 940 1653; x_wconf 90' lang='lat' dir='ltr'>Cornubie</span> <span class='ocrx_word' id='word_1_134' title='bbox 952 1599 1163 1668; x_wconf 77' lang='lat' dir='ltr'>consanguineo</span> <span class='ocrx_word' id='word_1_135' title='bbox 1171 1606 1269 1652; x_wconf 88' lang='lat' dir='ltr'>nostro</span> <span class='ocrx_word' id='word_1_136' title='bbox 1277 1595 1355 1666; x_wconf 90' lang='lat' dir='ltr'>apud</span> <span class='ocrx_word' id='word_1_137' title='bbox 1364 1596 1456 1650; x_wconf 88' lang='lat' dir='ltr'>West·</span> 
     </span>
     <span class='ocr_line' id='line_1_15' title="bbox 187 1663 1458 1757; baseline -0.006 -13"><span class='ocrx_word' id='word_1_138' title='bbox 187 1663 336 1756; x_wconf 57' lang='lat' dir='ltr'>ffiffi}</span> <span class='ocrx_word' id='word_1_139' title='bbox 351 1687 554 1744; x_wconf 87' lang='lat' dir='ltr'>monasterium</span> <span class='ocrx_word' id='word_1_140' title='bbox 563 1706 602 1744; x_wconf 90' lang='lat' dir='ltr'>.x.</span> <span class='ocrx_word' id='word_1_141' title='bbox 614 1687 661 1742; x_wconf 86' lang='lat' dir='ltr'>die</span> <span class='ocrx_word' id='word_1_142' title='bbox 670 1687 844 1742; x_wconf 91' lang='lat' dir='ltr'>Nouembris</span> <span class='ocrx_word' id='word_1_143' title='bbox 853 1703 930 1742; x_wconf 88' lang='lat' dir='ltr'>anno</span> <span class='ocrx_word' id='word_1_144' title='bbox 939 1685 1019 1756; x_wconf 80' lang='lat' dir='ltr'>regni</span> <span class='ocrx_word' id='word_1_145' title='bbox 1028 1686 1116 1741; x_wconf 88' lang='lat' dir='ltr'>nostri</span> <span class='ocrx_word' id='word_1_146' title='bbox 1126 1684 1344 1757; x_wconf 89' lang='lat' dir='ltr'>quintodecimo.</span> <span class='ocrx_word' id='word_1_147' title='bbox 1382 1681 1458 1752; x_wconf 86' lang='lat' dir='ltr'>Quia</span> 
     </span>
     <span class='ocr_line' id='line_1_16' title="bbox 188 1763 1457 1844; baseline -0.006 -13"><span class='ocrx_word' id='word_1_148' title='bbox 188 1763 327 1806; x_wconf 52' lang='lat' dir='ltr'>&#39;mmm</span> <span class='ocrx_word' id='word_1_149' title='bbox 351 1776 421 1830; x_wconf 88' lang='lat' dir='ltr'>alias</span> <span class='ocrx_word' id='word_1_150' title='bbox 442 1775 609 1830; x_wconf 88' lang='lat' dir='ltr'>mandatum</span> <span class='ocrx_word' id='word_1_151' title='bbox 630 1773 681 1829; x_wconf 88' lang='lat' dir='ltr'>luit</span> <span class='ocrx_word' id='word_1_152' title='bbox 700 1772 809 1844; x_wconf 88' lang='lat' dir='ltr'>prelato</span> <span class='ocrx_word' id='word_1_153' title='bbox 831 1774 990 1829; x_wconf 90' lang='lat' dir='ltr'>vicecomiti</span> <span class='ocrx_word' id='word_1_154' title='bbox 1012 1775 1089 1843; x_wconf 92' lang='lat' dir='ltr'>quod</span> <span class='ocrx_word' id='word_1_155' title='bbox 1106 1774 1213 1828; x_wconf 84' lang='lat' dir='ltr'>tactum</span> <span class='ocrx_word' id='word_1_156' title='bbox 1231 1789 1313 1827; x_wconf 90' lang='lat' dir='ltr'>suum</span> <span class='ocrx_word' id='word_1_157' title='bbox 1332 1771 1361 1826; x_wconf 90' lang='lat' dir='ltr'>in</span> <span class='ocrx_word' id='word_1_158' title='bbox 1378 1767 1457 1841; x_wconf 88' lang='lat' dir='ltr'>[hac]</span> 
     </span>
    </p>
   </div>
   <div class='ocr_carea' id='block_1_3' title="bbox 187 1813 336 1856">
    <p class='ocr_par' dir='ltr' id='par_1_3' title="bbox 187 1813 336 1856">
     <span class='ocr_line' id='line_1_17' title="bbox 187 1813 336 1856; baseline -0.013 0"><span class='ocrx_word' id='word_1_159' title='bbox 187 1813 249 1856; x_wconf 82' lang='lat' dir='ltr'>been</span> <span class='ocrx_word' id='word_1_160' title='bbox 261 1814 336 1856; x_wconf 74' lang='lat' dir='ltr'>taken</span> 
     </span>
    </p>
   </div>
   <div class='ocr_carea' id='block_1_4' title="bbox 187 1859 1118 1957">
    <p class='ocr_par' dir='ltr' id='par_1_4' title="bbox 187 1859 1118 1957">
     <span class='ocr_line' id='line_1_18' title="bbox 187 1859 1118 1957; baseline 0 -41"><span class='ocrx_word' id='word_1_161' title='bbox 187 1864 215 1956; x_wconf 53' lang='grc' dir='ltr'>εἷ</span> <span class='ocrx_word' id='word_1_162' title='bbox 213 1866 263 1957; x_wconf 53' lang='lat'>⁰135</span> <span class='ocrx_word' id='word_1_163' title='bbox 268 1875 327 1956; x_wconf 45' lang='grc' dir='ltr'>ἐξ</span> <span class='ocrx_word' id='word_1_164' title='bbox 350 1873 430 1933; x_wconf 89' lang='lat' dir='ltr'>parte</span> <span class='ocrx_word' id='word_1_165' title='bbox 448 1861 592 1932; x_wconf 74' lang='lat' dir='ltr'>corrigeris</span> <span class='ocrx_word' id='word_1_166' title='bbox 611 1861 659 1932; x_wconf 92' lang='lat' dir='ltr'>qui</span> <span class='ocrx_word' id='word_1_167' title='bbox 679 1859 766 1916; x_wconf 88' lang='lat' dir='ltr'>nichil</span> <span class='ocrx_word' id='word_1_168' title='bbox 785 1859 853 1916; x_wconf 89' lang='lat' dir='ltr'>inde</span> <span class='ocrx_word' id='word_1_169' title='bbox 872 1860 939 1916; x_wconf 79' lang='lat' dir='ltr'>iecit</span> <span class='ocrx_word' id='word_1_170' title='bbox 958 1871 989 1914; x_wconf 89' lang='lat' dir='ltr'>ut</span> <span class='ocrx_word' id='word_1_171' title='bbox 1009 1859 1118 1916; x_wconf 91' lang='lat' dir='ltr'>dicitur.</span> 
     </span>
    </p>
   </div>
   <div class='ocr_carea' id='block_1_5' title="bbox 187 1990 1457 2107">
    <p class='ocr_par' dir='ltr' id='par_1_5' title="bbox 187 1990 1457 2107">
     <span class='ocr_line' id='line_1_19' title="bbox 187 1990 1457 2107; baseline 0.004 -59"><span class='ocrx_word' id='word_1_172' title='bbox 187 2007 336 2107; x_wconf 44' lang='lat' dir='ltr'>accitum,</span> <span class='ocrx_word' id='word_1_173' title='bbox 418 1993 475 2057; x_wconf 89' lang='lat' dir='ltr'>Ad</span> <span class='ocrx_word' id='word_1_174' title='bbox 490 1993 553 2056; x_wconf 92' lang='lat' dir='ltr'>hoc</span> <span class='ocrx_word' id='word_1_175' title='bbox 568 1993 670 2057; x_wconf 90' lang='lat' dir='ltr'>breue</span> <span class='ocrx_word' id='word_1_176' title='bbox 685 1991 776 2056; x_wconf 88' lang='lat' dir='ltr'>venit</span> <span class='ocrx_word' id='word_1_177' title='bbox 791 1991 959 2076; x_wconf 91' lang='lat' dir='ltr'>predictus</span> <span class='ocrx_word' id='word_1_178' title='bbox 975 1993 1124 2056; x_wconf 85' lang='lat' dir='ltr'>Thomas</span> <span class='ocrx_word' id='word_1_179' title='bbox 1139 1993 1323 2057; x_wconf 87' lang='lat' dir='ltr'>vicecomes</span> <span class='ocrx_word' id='word_1_180' title='bbox 1336 1990 1457 2056; x_wconf 87' lang='lat' dir='ltr'>Cante-</span> 
     </span>
    </p>
   </div>
   <div class='ocr_carea' id='block_1_6' title="bbox 188 2097 1458 2201">
    <p class='ocr_par' dir='ltr' id='par_1_6' title="bbox 188 2097 1458 2201">
     <span class='ocr_line' id='line_1_20' title="bbox 188 2097 1458 2201; baseline -0.009 -33"><span class='ocrx_word' id='word_1_181' title='bbox 188 2110 286 2201; x_wconf 50' lang='lat' dir='ltr'>Rggfflt</span> <span class='ocrx_word' id='word_1_182' title='bbox 352 2099 456 2183; x_wconf 88' lang='lat' dir='ltr'>brigie</span> <span class='ocrx_word' id='word_1_183' title='bbox 493 2118 605 2163; x_wconf 90' lang='lat' dir='ltr'>coram</span> <span class='ocrx_word' id='word_1_184' title='bbox 641 2098 824 2181; x_wconf 88' lang='lat' dir='ltr'>justiciario</span> <span class='ocrx_word' id='word_1_185' title='bbox 862 2099 989 2162; x_wconf 90' lang='lat' dir='ltr'>domini</span> <span class='ocrx_word' id='word_1_186' title='bbox 1021 2099 1125 2182; x_wconf 84' lang='lat' dir='ltr'>Regis</span> <span class='ocrx_word' id='word_1_187' title='bbox 1157 2097 1284 2161; x_wconf 91' lang='lat' dir='ltr'>scilicet</span> <span class='ocrx_word' id='word_1_188' title='bbox 1321 2097 1458 2159; x_wconf 92' lang='lat' dir='ltr'>domino</span> 
     </span>
    </p>
   </div>
   <div class='ocr_carea' id='block_1_7' title="bbox 188 2202 1460 3327">
    <p class='ocr_par' dir='ltr' id='par_1_7' title="bbox 188 2202 1460 3327">
     <span class='ocr_line' id='line_1_21' title="bbox 188 2202 1457 2312; baseline -0.004 -44"><span class='ocrx_word' id='word_1_189' title='bbox 188 2210 293 2312; x_wconf 45' lang='grc' dir='ltr'>ΞΜ</span> <span class='ocrx_word' id='word_1_190' title='bbox 354 2203 501 2269; x_wconf 85' lang='lat' dir='ltr'>Radullo</span> <span class='ocrx_word' id='word_1_191' title='bbox 531 2202 574 2266; x_wconf 89' lang='lat' dir='ltr'>de</span> <span class='ocrx_word' id='word_1_192' title='bbox 599 2203 794 2285; x_wconf 86' lang='lat' dir='ltr'>Hengham¹</span> <span class='ocrx_word' id='word_1_193' title='bbox 817 2213 851 2266; x_wconf 91' lang='lat' dir='ltr'>et</span> <span class='ocrx_word' id='word_1_194' title='bbox 881 2213 957 2287; x_wconf 92' lang='lat' dir='ltr'>post</span> <span class='ocrx_word' id='word_1_195' title='bbox 988 2205 1110 2267; x_wconf 89' lang='lat' dir='ltr'>multas</span> <span class='ocrx_word' id='word_1_196' title='bbox 1136 2203 1385 2286; x_wconf 86' lang='lat' dir='ltr'>disputaciones</span> <span class='ocrx_word' id='word_1_197' title='bbox 1410 2221 1457 2263; x_wconf 91' lang='lat' dir='ltr'>re·</span> 
     </span>
     <span class='ocr_line' id='line_1_22' title="bbox 189 2306 1457 2413; baseline -0.004 -41"><span class='ocrx_word' id='word_1_198' title='bbox 189 2310 326 2413; x_wconf 56' lang='lat' dir='ltr'>fflffi</span> <span class='ocrx_word' id='word_1_199' title='bbox 352 2308 495 2391; x_wconf 90' lang='lat' dir='ltr'>quisitus</span> <span class='ocrx_word' id='word_1_200' title='bbox 516 2306 579 2370; x_wconf 86' lang='lat' dir='ltr'>tuit</span> <span class='ocrx_word' id='word_1_201' title='bbox 601 2315 789 2370; x_wconf 89' lang='lat' dir='ltr'>attornatus</span> <span class='ocrx_word' id='word_1_202' title='bbox 807 2306 928 2370; x_wconf 89' lang='lat' dir='ltr'>Prioris</span> <span class='ocrx_word' id='word_1_203' title='bbox 946 2317 1057 2371; x_wconf 91' lang='lat' dir='ltr'>vtrum</span> <span class='ocrx_word' id='word_1_204' title='bbox 1081 2307 1173 2370; x_wconf 89' lang='lat' dir='ltr'>Prior</span> <span class='ocrx_word' id='word_1_205' title='bbox 1192 2307 1330 2370; x_wconf 87' lang='lat' dir='ltr'>haberet</span> <span class='ocrx_word' id='word_1_206' title='bbox 1350 2307 1457 2368; x_wconf 90' lang='lat' dir='ltr'>visum</span> 
     </span>
     <span class='ocr_line' id='line_1_23' title="bbox 188 2410 1459 2495; baseline -0.003 -19"><span class='ocrx_word' id='word_1_207' title='bbox 188 2411 315 2463; x_wconf 54' lang='lat' dir='ltr'>“¹¹¹¹“ss</span> <span class='ocrx_word' id='word_1_208' title='bbox 353 2411 567 2495; x_wconf 81' lang='lat' dir='ltr'>franciplegij‚</span> <span class='ocrx_word' id='word_1_209' title='bbox 595 2411 838 2488; x_wconf 90' lang='lat' dir='ltr'>tumberellum,</span> <span class='ocrx_word' id='word_1_210' title='bbox 862 2422 896 2477; x_wconf 90' lang='lat' dir='ltr'>et</span> <span class='ocrx_word' id='word_1_211' title='bbox 922 2412 1038 2476; x_wconf 79' lang='lat' dir='ltr'>furcas.</span> <span class='ocrx_word' id='word_1_212' title='bbox 1085 2410 1273 2495; x_wconf 90' lang='lat' dir='ltr'>Respondit</span> <span class='ocrx_word' id='word_1_213' title='bbox 1297 2412 1387 2494; x_wconf 90' lang='lat' dir='ltr'>quod</span> <span class='ocrx_word' id='word_1_214' title='bbox 1413 2411 1459 2473; x_wconf 87' lang='lat' dir='ltr'>sic</span> 
     </span>
     <span class='ocr_line' id='line_1_24' title="bbox 352 2515 1459 2600; baseline -0.005 -18"><span class='ocrx_word' id='word_1_215' title='bbox 352 2528 414 2582; x_wconf 90' lang='lat' dir='ltr'>etc.</span> <span class='ocrx_word' id='word_1_216' title='bbox 453 2537 512 2600; x_wconf 89' lang='lat' dir='ltr'>per</span> <span class='ocrx_word' id='word_1_217' title='bbox 548 2525 674 2580; x_wconf 89' lang='lat' dir='ltr'>cartam</span> <span class='ocrx_word' id='word_1_218' title='bbox 707 2516 820 2598; x_wconf 83' lang='lat' dir='ltr'>Regis,</span> <span class='ocrx_word' id='word_1_219' title='bbox 849 2525 883 2580; x_wconf 93' lang='lat' dir='ltr'>et</span> <span class='ocrx_word' id='word_1_220' title='bbox 919 2517 1008 2599; x_wconf 91' lang='lat' dir='ltr'>quod</span> <span class='ocrx_word' id='word_1_221' title='bbox 1042 2515 1204 2579; x_wconf 88' lang='lat' dir='ltr'>Alianora</span> <span class='ocrx_word' id='word_1_222' title='bbox 1235 2515 1366 2599; x_wconf 88' lang='lat' dir='ltr'>Regina</span> <span class='ocrx_word' id='word_1_223' title='bbox 1397 2515 1459 2577; x_wconf 85' lang='lat' dir='ltr'>suit</span> 
     </span>
     <span class='ocr_line' id='line_1_25' title="bbox 353 2619 1460 2704; baseline -0.003 -18"><span class='ocrx_word' id='word_1_224' title='bbox 353 2621 519 2686; x_wconf 88' lang='lat' dir='ltr'>aduocata</span> <span class='ocrx_word' id='word_1_225' title='bbox 539 2619 676 2684; x_wconf 90' lang='lat' dir='ltr'>ecclesie</span> <span class='ocrx_word' id='word_1_226' title='bbox 696 2621 739 2684; x_wconf 88' lang='lat' dir='ltr'>de</span> <span class='ocrx_word' id='word_1_227' title='bbox 761 2621 964 2685; x_wconf 85' lang='lat' dir='ltr'>Bernewelle</span> <span class='ocrx_word' id='word_1_228' title='bbox 987 2641 1052 2704; x_wconf 91' lang='lat' dir='ltr'>que</span> <span class='ocrx_word' id='word_1_229' title='bbox 1072 2630 1153 2684; x_wconf 91' lang='lat' dir='ltr'>tunc</span> <span class='ocrx_word' id='word_1_230' title='bbox 1173 2632 1245 2685; x_wconf 90' lang='lat' dir='ltr'>erat</span> <span class='ocrx_word' id='word_1_231' title='bbox 1267 2642 1342 2684; x_wconf 90' lang='lat' dir='ltr'>curn</span> <span class='ocrx_word' id='word_1_232' title='bbox 1366 2620 1460 2704; x_wconf 83' lang='lat' dir='ltr'>Rege</span> 
     </span>
     <span class='ocr_line' id='line_1_26' title="bbox 355 2723 1458 2806; baseline -0.001 -18"><span class='ocrx_word' id='word_1_233' title='bbox 355 2723 543 2788; x_wconf 88' lang='lat' dir='ltr'>Eadwardo</span> <span class='ocrx_word' id='word_1_234' title='bbox 560 2725 592 2787; x_wconf 90' lang='lat' dir='ltr'>irr</span> <span class='ocrx_word' id='word_1_235' title='bbox 610 2724 759 2806; x_wconf 88' lang='lat' dir='ltr'>partibus</span> <span class='ocrx_word' id='word_1_236' title='bbox 774 2725 1003 2787; x_wconf 88' lang='lat' dir='ltr'>transmarinis</span> <span class='ocrx_word' id='word_1_237' title='bbox 1018 2735 1079 2788; x_wconf 91' lang='lat' dir='ltr'>etc.</span> <span class='ocrx_word' id='word_1_238' title='bbox 1126 2723 1171 2788; x_wconf 94' lang='lat' dir='ltr'>Et</span> <span class='ocrx_word' id='word_1_239' title='bbox 1187 2724 1233 2788; x_wconf 91' lang='lat' dir='ltr'>sic</span> <span class='ocrx_word' id='word_1_240' title='bbox 1249 2724 1293 2788; x_wconf 95' lang='lat' dir='ltr'>ob</span> <span class='ocrx_word' id='word_1_241' title='bbox 1310 2723 1458 2788; x_wconf 82' lang='lat' dir='ltr'>fauorem</span> 
     </span>
     <span class='ocr_line' id='line_1_27' title="bbox 353 2827 1459 2912; baseline -0.001 -21"><span class='ocrx_word' id='word_1_242' title='bbox 353 2828 556 2892; x_wconf 88' lang='lat' dir='ltr'>vicecomitis</span> <span class='ocrx_word' id='word_1_243' title='bbox 578 2837 696 2910; x_wconf 90' lang='lat' dir='ltr'>captus</span> <span class='ocrx_word' id='word_1_244' title='bbox 717 2838 767 2891; x_wconf 89' lang='lat' dir='ltr'>est</span> <span class='ocrx_word' id='word_1_245' title='bbox 783 2828 855 2891; x_wconf 88' lang='lat' dir='ltr'>dies</span> <span class='ocrx_word' id='word_1_246' title='bbox 870 2830 1002 2906; x_wconf 89' lang='lat' dir='ltr'>amoris,</span> <span class='ocrx_word' id='word_1_247' title='bbox 1017 2829 1072 2892; x_wconf 92' lang='lat' dir='ltr'>vbi</span> <span class='ocrx_word' id='word_1_248' title='bbox 1089 2829 1245 2892; x_wconf 89' lang='lat' dir='ltr'>dominus</span> <span class='ocrx_word' id='word_1_249' title='bbox 1260 2827 1459 2912; x_wconf 91' lang='lat' dir='ltr'>J[ohannes]</span> 
     </span>
     <span class='ocr_line' id='line_1_28' title="bbox 352 2933 1459 3017; baseline -0.001 -20"><span class='ocrx_word' id='word_1_250' title='bbox 352 2934 396 2997; x_wconf 91' lang='lat' dir='ltr'>de</span> <span class='ocrx_word' id='word_1_251' title='bbox 417 2933 580 2997; x_wconf 82' lang='lat' dir='ltr'>Louetot²</span> <span class='ocrx_word' id='word_1_252' title='bbox 600 2953 636 2996; x_wconf 93' lang='lat' dir='ltr'>se</span> <span class='ocrx_word' id='word_1_253' title='bbox 657 2933 838 2996; x_wconf 87' lang='lat' dir='ltr'>intromisit</span> <span class='ocrx_word' id='word_1_254' title='bbox 859 2933 902 2997; x_wconf 90' lang='lat' dir='ltr'>de</span> <span class='ocrx_word' id='word_1_255' title='bbox 917 2955 1009 3017; x_wconf 91' lang='lat' dir='ltr'>pace,</span> <span class='ocrx_word' id='word_1_256' title='bbox 1025 2942 1058 2997; x_wconf 91' lang='lat' dir='ltr'>et</span> <span class='ocrx_word' id='word_1_257' title='bbox 1073 2934 1266 2997; x_wconf 89' lang='lat' dir='ltr'>concordati</span> <span class='ocrx_word' id='word_1_258' title='bbox 1281 2943 1378 3011; x_wconf 88' lang='lat' dir='ltr'>sunt;</span> <span class='ocrx_word' id='word_1_259' title='bbox 1400 2935 1459 2996; x_wconf 91' lang='lat' dir='ltr'>sed</span> 
     </span>
     <span class='ocr_line' id='line_1_29' title="bbox 353 3037 1459 3121; baseline -0.001 -19"><span class='ocrx_word' id='word_1_260' title='bbox 353 3039 462 3102; x_wconf 90' lang='lat' dir='ltr'>dictus</span> <span class='ocrx_word' id='word_1_261' title='bbox 486 3037 669 3100; x_wconf 90' lang='lat' dir='ltr'>vicecomes</span> <span class='ocrx_word' id='word_1_262' title='bbox 691 3038 791 3101; x_wconf 90' lang='lat' dir='ltr'>nichil</span> <span class='ocrx_word' id='word_1_263' title='bbox 815 3038 909 3102; x_wconf 90' lang='lat' dir='ltr'>dedit</span> <span class='ocrx_word' id='word_1_264' title='bbox 929 3059 990 3121; x_wconf 91' lang='lat' dir='ltr'>pro</span> <span class='ocrx_word' id='word_1_265' title='bbox 1005 3039 1145 3117; x_wconf 87' lang='lat' dir='ltr'>iniuria;</span> <span class='ocrx_word' id='word_1_266' title='bbox 1168 3038 1227 3102; x_wconf 90' lang='lat' dir='ltr'>sed</span> <span class='ocrx_word' id='word_1_267' title='bbox 1243 3048 1319 3121; x_wconf 90' lang='lat' dir='ltr'>post</span> <span class='ocrx_word' id='word_1_268' title='bbox 1334 3059 1459 3121; x_wconf 89' lang='lat' dir='ltr'>paucos</span> 
     </span>
     <span class='ocr_line' id='line_1_30' title="bbox 354 3139 1458 3217; baseline -0.001 -13"><span class='ocrx_word' id='word_1_269' title='bbox 354 3161 460 3206; x_wconf 90' lang='lat' dir='ltr'>annos</span> <span class='ocrx_word' id='word_1_270' title='bbox 484 3150 635 3204; x_wconf 89' lang='lat' dir='ltr'>mortuus</span> <span class='ocrx_word' id='word_1_271' title='bbox 657 3150 717 3217; x_wconf 90' lang='lat' dir='ltr'>est,</span> <span class='ocrx_word' id='word_1_272' title='bbox 741 3151 774 3204; x_wconf 93' lang='lat' dir='ltr'>et</span> <span class='ocrx_word' id='word_1_273' title='bbox 798 3161 915 3204; x_wconf 90' lang='lat' dir='ltr'>omnes</span> <span class='ocrx_word' id='word_1_274' title='bbox 938 3152 1023 3205; x_wconf 89' lang='lat' dir='ltr'>terre</span> <span class='ocrx_word' id='word_1_275' title='bbox 1045 3141 1117 3204; x_wconf 88' lang='lat' dir='ltr'>eius</span> <span class='ocrx_word' id='word_1_276' title='bbox 1138 3150 1173 3204; x_wconf 92' lang='lat' dir='ltr'>et</span> <span class='ocrx_word' id='word_1_277' title='bbox 1203 3141 1293 3205; x_wconf 86' lang='lat' dir='ltr'>bona</span> <span class='ocrx_word' id='word_1_278' title='bbox 1314 3150 1392 3204; x_wconf 92' lang='lat' dir='ltr'>sunt</span> <span class='ocrx_word' id='word_1_279' title='bbox 1416 3139 1458 3204; x_wconf 92' lang='lat' dir='ltr'>ad</span> 
     </span>
     <span class='ocr_line' id='line_1_31' title="bbox 355 3243 1459 3327; baseline -0.002 -17"><span class='ocrx_word' id='word_1_280' title='bbox 355 3266 473 3310; x_wconf 90' lang='lat' dir='ltr'>manus</span> <span class='ocrx_word' id='word_1_281' title='bbox 491 3245 594 3327; x_wconf 87' lang='lat' dir='ltr'>Regis</span> <span class='ocrx_word' id='word_1_282' title='bbox 615 3243 803 3321; x_wconf 89' lang='lat' dir='ltr'>confiscata,</span> <span class='ocrx_word' id='word_1_283' title='bbox 823 3265 995 3327; x_wconf 90' lang='lat' dir='ltr'>quousque</span> <span class='ocrx_word' id='word_1_284' title='bbox 1011 3265 1097 3308; x_wconf 86' lang='lat' dir='ltr'>vxor</span> <span class='ocrx_word' id='word_1_285' title='bbox 1111 3246 1182 3308; x_wconf 93' lang='lat' dir='ltr'>eius</span> <span class='ocrx_word' id='word_1_286' title='bbox 1198 3246 1325 3309; x_wconf 85' lang='lat' dir='ltr'>fecerit⁸</span> <span class='ocrx_word' id='word_1_287' title='bbox 1338 3246 1459 3309; x_wconf 91' lang='lat' dir='ltr'>securi-</span> 
     </span>
    </p>
   </div>
   <div class='ocr_carea' id='block_1_8' title="bbox 354 3348 840 3432">
    <p class='ocr_par' dir='ltr' id='par_1_8' title="bbox 354 3348 840 3432">
     <span class='ocr_line' id='line_1_32' title="bbox 354 3348 840 3432; baseline -0.006 -15"><span class='ocrx_word' id='word_1_288' title='bbox 354 3362 459 3417; x_wconf 90' lang='lat' dir='ltr'>tatem</span> <span class='ocrx_word' id='word_1_289' title='bbox 478 3351 562 3432; x_wconf 86' lang='lat' dir='ltr'>Regi</span> <span class='ocrx_word' id='word_1_290' title='bbox 579 3349 639 3413; x_wconf 91' lang='lat' dir='ltr'>de.</span> <span class='ocrx_word' id='word_1_291' title='bbox 652 3371 709 3413; x_wconf 92' lang='lat' dir='ltr'>ccc</span> <span class='ocrx_word' id='word_1_292' title='bbox 721 3400 728 3413; x_wconf 92' lang='lat'><strong>.</strong></span> <span class='ocrx_word' id='word_1_293' title='bbox 741 3348 840 3414; x_wconf 90' lang='lat' dir='ltr'>libris.</span> 
     </span>
    </p>
   </div>
   <div class='ocr_carea' id='block_1_9' title="bbox 359 3606 1484 3675">
    <p class='ocr_par' dir='ltr' id='par_1_9' title="bbox 359 3606 1484 3675">
     <span class='ocr_line' id='line_1_33' title="bbox 359 3606 1484 3675; baseline 0 -1"><span class='ocrx_word' id='word_1_294' title='bbox 359 3613 426 3674; x_wconf 90' lang='lat'>116.</span> <span class='ocrx_word' id='word_1_295' title='bbox 472 3609 637 3674; x_wconf 77' lang='lat' dir='ltr'>Placitum</span> <span class='ocrx_word' id='word_1_296' title='bbox 660 3607 767 3673; x_wconf 81' lang='lat' dir='ltr'>breuis</span> <span class='ocrx_word' id='word_1_297' title='bbox 788 3628 869 3672; x_wconf 82' lang='lat' dir='ltr'>noue</span> <span class='ocrx_word' id='word_1_298' title='bbox 889 3607 1058 3672; x_wconf 70' lang='lat' dir='ltr'>dissessine</span> <span class='ocrx_word' id='word_1_299' title='bbox 1081 3619 1192 3673; x_wconf 84' lang='lat' dir='ltr'>contra</span> <span class='ocrx_word' id='word_1_300' title='bbox 1225 3606 1484 3675; x_wconf 75' lang='lat' dir='ltr'>cancellarium</span> 
     </span>
    </p>
   </div>
   <div class='ocr_carea' id='block_1_10' title="bbox 445 3712 1462 3901">
    <p class='ocr_par' dir='ltr' id='par_1_10' title="bbox 445 3712 1462 3901">
     <span class='ocr_line' id='line_1_34' title="bbox 445 3712 1462 3798; baseline 0 -18"><span class='ocrx_word' id='word_1_301' title='bbox 445 3715 672 3781; x_wconf 83' lang='lat' dir='ltr'>uniuersitatis</span> <span class='ocrx_word' id='word_1_302' title='bbox 701 3712 912 3797; x_wconf 62' lang='lat' dir='ltr'>Cantebrrgr&#39;e,</span> <span class='ocrx_word' id='word_1_303' title='bbox 934 3725 965 3778; x_wconf 84' lang='lat' dir='ltr'>et</span> <span class='ocrx_word' id='word_1_304' title='bbox 991 3714 1187 3798; x_wconf 80' lang='lat' dir='ltr'>uragistrum</span> <span class='ocrx_word' id='word_1_305' title='bbox 1214 3714 1401 3794; x_wconf 86' lang='lat' dir='ltr'>Radulfum</span> <span class='ocrx_word' id='word_1_306' title='bbox 1422 3715 1462 3780; x_wconf 84' lang='lat' dir='ltr'>dc</span> 
     </span>
     <span class='ocr_line' id='line_1_35' title="bbox 802 3819 973 3901; baseline 0.012 -19"><span class='ocrx_word' id='word_1_307' title='bbox 802 3819 973 3901; x_wconf 82' lang='lat' dir='ltr'>Leycestre.</span> 
     </span>
    </p>
   </div>
   <div class='ocr_carea' id='block_1_11' title="bbox 193 3974 1461 4076">
    <p class='ocr_par' dir='ltr' id='par_1_11' title="bbox 193 3974 1461 4076">
     <span class='ocr_line' id='line_1_36' title="bbox 193 3974 1461 4076; baseline 0 -37"><span class='ocrx_word' id='word_1_308' title='bbox 193 3980 286 4076; x_wconf 45' lang='lat'>3222</span> <span class='ocrx_word' id='word_1_309' title='bbox 421 3977 601 4042; x_wconf 88' lang='lat' dir='ltr'>Sciendum</span> <span class='ocrx_word' id='word_1_310' title='bbox 619 3977 708 4058; x_wconf 92' lang='lat' dir='ltr'>quod</span> <span class='ocrx_word' id='word_1_311' title='bbox 726 3976 884 4058; x_wconf 81' lang='lat' dir='ltr'>magister</span> <span class='ocrx_word' id='word_1_312' title='bbox 907 3976 1072 4040; x_wconf 83' lang='lat' dir='ltr'>Radulsus</span> <span class='ocrx_word' id='word_1_313' title='bbox 1093 3977 1135 4040; x_wconf 90' lang='lat' dir='ltr'>de</span> <span class='ocrx_word' id='word_1_314' title='bbox 1157 3976 1337 4059; x_wconf 89' lang='lat' dir='ltr'>Leycestre</span> <span class='ocrx_word' id='word_1_315' title='bbox 1355 3974 1461 4040; x_wconf 89' lang='lat' dir='ltr'>uoluit</span> 
     </span>
    </p>
   </div>
   <div class='ocr_carea' id='block_1_12' title="bbox 191 4078 1461 4176">
    <p class='ocr_par' dir='ltr' id='par_1_12' title="bbox 191 4078 1461 4176">
     <span class='ocr_line' id='line_1_37' title="bbox 191 4078 1461 4176; baseline -0.006 -27"><span class='ocrx_word' id='word_1_316' title='bbox 191 4089 305 4176; x_wconf 55' lang='lat' dir='ltr'>mm</span> <span class='ocrx_word' id='word_1_317' title='bbox 356 4081 541 4146; x_wconf 89' lang='lat' dir='ltr'>inhabitare</span> <span class='ocrx_word' id='word_1_318' title='bbox 571 4081 709 4143; x_wconf 89' lang='lat' dir='ltr'>domurn</span> <span class='ocrx_word' id='word_1_319' title='bbox 744 4079 912 4162; x_wconf 88' lang='lat' dir='ltr'>lapideam</span> <span class='ocrx_word' id='word_1_320' title='bbox 951 4078 1071 4143; x_wconf 89' lang='lat' dir='ltr'>Prioris</span> <span class='ocrx_word' id='word_1_321' title='bbox 1107 4080 1150 4144; x_wconf 91' lang='lat' dir='ltr'>de</span> <span class='ocrx_word' id='word_1_322' title='bbox 1188 4079 1390 4145; x_wconf 89' lang='lat' dir='ltr'>Bernewelle</span> <span class='ocrx_word' id='word_1_323' title='bbox 1427 4081 1461 4143; x_wconf 90' lang='lat' dir='ltr'>in</span> 
     </span>
    </p>
   </div>
   <div class='ocr_carea' id='block_1_13' title="bbox 500 4240 1286 4390">
    <p class='ocr_par' dir='ltr' id='par_1_13' title="bbox 500 4240 1286 4390">
     <span class='ocr_line' id='line_1_38' title="bbox 502 4240 1286 4307; baseline 0 -15"><span class='ocrx_word' id='word_1_324' title='bbox 502 4242 509 4274; x_wconf 90' lang='lat'>¹</span> <span class='ocrx_word' id='word_1_325' title='bbox 529 4243 613 4307; x_wconf 86' lang='lat' dir='ltr'>Ralph</span> <span class='ocrx_word' id='word_1_326' title='bbox 624 4243 656 4292; x_wconf 93' lang='lat' dir='ltr'>de</span> <span class='ocrx_word' id='word_1_327' title='bbox 669 4242 814 4306; x_wconf 84' lang='lat' dir='ltr'>Hengham,</span> <span class='ocrx_word' id='word_1_328' title='bbox 826 4241 896 4292; x_wconf 84' lang='lat' dir='ltr'>chief</span> <span class='ocrx_word' id='word_1_329' title='bbox 900 4242 989 4306; x_wconf 86' lang='lat' dir='ltr'>justice</span> <span class='ocrx_word' id='word_1_330' title='bbox 1000 4243 1029 4292; x_wconf 88' lang='lat' dir='ltr'>ot&#39;</span> <span class='ocrx_word' id='word_1_331' title='bbox 1037 4243 1080 4292; x_wconf 90' lang='lat' dir='ltr'>the</span> <span class='ocrx_word' id='word_1_332' title='bbox 1092 4240 1181 4306; x_wconf 83' lang='lat' dir='ltr'>King’s</span> <span class='ocrx_word' id='word_1_333' title='bbox 1194 4243 1286 4292; x_wconf 88' lang='lat' dir='ltr'>Bench.</span> 
     </span>
     <span class='ocr_line' id='line_1_39' title="bbox 500 4324 1215 4390; baseline -0.004 -15"><span class='ocrx_word' id='word_1_334' title='bbox 500 4325 511 4356; x_wconf 74' lang='lat'>²</span> <span class='ocrx_word' id='word_1_335' title='bbox 525 4326 595 4390; x_wconf 91' lang='lat' dir='ltr'>John</span> <span class='ocrx_word' id='word_1_336' title='bbox 605 4325 637 4376; x_wconf 88' lang='lat' dir='ltr'>de</span> <span class='ocrx_word' id='word_1_337' title='bbox 649 4325 766 4385; x_wconf 87' lang='lat' dir='ltr'>Lovetnt,</span> <span class='ocrx_word' id='word_1_338' title='bbox 779 4339 795 4373; x_wconf 82' lang='lat' dir='ltr'>a</span> <span class='ocrx_word' id='word_1_339' title='bbox 803 4325 894 4389; x_wconf 86' lang='lat' dir='ltr'>justice</span> <span class='ocrx_word' id='word_1_340' title='bbox 906 4324 986 4374; x_wconf 77' lang='lat' dir='ltr'>nithe</span> <span class='ocrx_word' id='word_1_341' title='bbox 997 4325 1123 4375; x_wconf 88' lang='lat' dir='ltr'>Common</span> <span class='ocrx_word' id='word_1_342' title='bbox 1135 4325 1215 4375; x_wconf 85' lang='lat' dir='ltr'>Pleas.</span> 
     </span>
    </p>
   </div>
   <div class='ocr_carea' id='block_1_14' title="bbox 500 4416 666 4473">
    <p class='ocr_par' dir='ltr' id='par_1_14' title="bbox 500 4416 666 4473">
     <span class='ocr_line' id='line_1_40' title="bbox 500 4416 666 4473; baseline -0.018 -6"><span class='ocrx_word' id='word_1_343' title='bbox 500 4416 511 4449; x_wconf 86' lang='lat'>⁸</span> <span class='ocrx_word' id='word_1_344' title='bbox 528 4416 596 4473; x_wconf 85' lang='lat' dir='ltr'>lecit,</span> <span class='ocrx_word' id='word_1_345' title='bbox 609 4416 666 4466; x_wconf 89' lang='lat' dir='ltr'>MS.</span> 
     </span>
    </p>
   </div>
   <div class='ocr_carea' id='block_1_15' title="bbox 0 0 1637 5059">
    <p class='ocr_par' dir='ltr' id='par_1_15' title="bbox 0 0 1637 5059">
     <span class='ocr_line' id='line_1_41' title="bbox 0 0 1637 5059; baseline 0 0"><span class='ocrx_word' id='word_1_346' title='bbox 0 0 1637 5059; x_wconf 95' lang='lat' dir='ltr'> </span> 
     </span>
    </p>
   </div>
  </div>
 </body>
</html>
