3234 5059
174 323 237 422 111]
380 326 558 422 Thesara
581 325 770 425 ossames
795 326 856 399 the
883 325 1069 423 Chaplain
1208 347 1273 419 125

170 509 387 593 justiciarius,
410 513 452 577 ad
480 511 642 576 beneficia
664 512 768 597 ipsius
793 513 914 577 Prioris
937 512 1037 576 ualde
1060 513 1218 596 ingratus,
1243 513 1276 576 in

172 617 237 682 fine
258 618 483 683 itinerationis
509 639 568 682 sue
594 619 788 682 amerciauit
812 620 958 683 Priorem
981 620 1024 683 ad
1048 619 1118 684 ,xl·.
1140 618 1275 693 solidos,
1288 625 1306 675 l·
1319 625 1377 689 46b

172 734 206 788 et
228 733 341 788 tamen
365 723 428 786 hoc
449 723 557 787 noluit
579 723 785 788 innotescere
808 723 918 786 Priori.
964 722 1065 806 Quod
1087 743 1163 786 curn
1186 722 1278 786 Prior

172 847 231 910 per
251 829 420 911 quendam
442 828 587 891 amicum
608 828 822 910 cognouisset
843 827 877 889 in
897 827 1040 904 secretis,
1056 828 1149 890 uenit
1164 847 1276 890 coram

171 931 310 995 domino
325 931 524 1015 W[illelmo]
546 941 663 1014 petens
684 932 746 994 sibi
769 932 878 1015 legem
900 952 1114 996 communem
1130 932 1278 1007 concedi,

171 1034 319 1098 adiciens
339 1036 430 1118 quod
452 1036 628 1119 inquisicio
649 1035 737 1099 sacta
758 1037 791 1099 in
814 1036 969 1100 absencia
991 1058 1052 1100 sua
1072 1057 1140 1100 non
1160 1037 1278 1100 debuit

171 1137 234 1202 sibi
250 1139 462 1222 preiudicare.
495 1139 596 1222 Petijt
611 1161 692 1223 ergo
708 1141 963 1224 inquisicionem
976 1139 1045 1205 fieri
1058 1141 1092 1204 in
1105 1141 1277 1223 presencia

171 1262 239 1319 sua,
263 1253 299 1307 ut
326 1243 431 1326 possit
458 1244 610 1307 inimicos
636 1265 715 1307 suos
741 1266 906 1309 amouere.
954 1244 1054 1327 Quod
1086 1256 1120 1310 et
1150 1245 1276 1308 facturn

171 1356 229 1410 est.
273 1347 365 1411 Prior
384 1367 516 1430 quoque
537 1348 778 1431 calumpniauit
799 1369 903 1412 unum
924 1360 1056 1413 tanturn
1078 1350 1134 1432 qui
1156 1359 1227 1414 erat
1243 1350 1276 1413 in

173 1450 400 1533 inquisicione,
430 1461 464 1514 et
500 1453 599 1515 ceteri
630 1454 905 1534 acquietauerunt
938 1454 1092 1517 Priorem.
1154 1454 1200 1517 Et
1229 1455 1276 1517 sic

172 1556 306 1620 recessit
330 1555 422 1620 Prior
444 1556 585 1639 quietus,
609 1557 697 1621 mala
720 1559 828 1640 gratia
851 1559 955 1640 ipsius
978 1559 1156 1623 iusticiarii.

266 1747 315 1823 36.
359 1741 411 1806 De
431 1743 576 1826 capcione
588 1743 707 1828 Jacobi
726 1745 885 1827 capellani
904 1745 942 1810 de
973 1743 1189 1829 Wygenlzalet

237 1882 318 1945 Post
338 1882 430 1964 pacis
451 1881 689 1946 lormacionem
712 1882 904 1946 recordatus
925 1894 977 1947 est
999 1883 1091 1946 Prior
1112 1881 1275 1945 malorum
1291 1899 1360 1991 1333
1366 1899 1440 1991 egb

170 2005 236 2068 que
258 1985 415 2049 sustinuit
437 1984 528 2069 apud
553 1985 764 2068 Wygenhale
790 2007 850 2069 per
869 1987 1034 2068 Jacobum
1055 1988 1276 2070 capellanum,
1289 2001 1389 2102 {⁸32ssss

169 2090 230 2175 [et]
252 2093 452 2155 auctoritate
468 2091 594 2154 domini
613 2091 731 2173 Legati
748 2093 853 2154 traxit
868 2111 945 2155 eum
962 2092 995 2154 in
1012 2111 1148 2154 causam
1163 2111 1275 2154 coram
1286 2100 1427 2202 fflffige

171 2195 282 2258 Priore
312 2196 355 2259 de
388 2194 582 2258 Huntedon.
632 2194 695 2257 lllo
725 2216 806 2259 uero
837 2196 870 2258 in
901 2195 1024 2259 iudicio
1053 2203 1276 2276 comparente,
1288 2201 1406 2293 3¹2⁰·qu

170 2298 269 2361 finxit
300 2297 575 2380 appellacionem,
602 2307 636 2361 et
663 2298 855 2380 impetrauit
883 2298 1031 2380 judicem
1060 2298 1206 2360 Priorem
1233 2296 1422 2402 defflffpggtos

170 2401 418 2483 Wyrmegeye¹,
439 2410 474 2465 et
498 2401 577 2465 iecit
603 2401 749 2466 Priorem
769 2404 863 2466 citari
884 2404 927 2466 ad
952 2403 1222 2486 respondendum
1245 2403 1274 2464 ei
1288 2401 1410 2493 ffirm-

170 2515 230 2570 etc.
262 2507 296 2568 in
328 2505 468 2569 ecclesia
498 2507 712 2569 conuentuali
742 2507 786 2570 de
817 2508 1044 2590 Wyrmegeye
1073 2505 1117 2570 ad
1148 2515 1274 2570 certum

169 2609 268 2673 diem.
329 2607 447 2673 Sciens
482 2619 595 2673 autem
632 2610 725 2673 Prior
760 2609 871 2673 locum
902 2609 996 2673 illum
1027 2630 1100 2673 esse
1129 2609 1274 2673 vicinum

170 2712 318 2778 manerio
353 2711 480 2776 domini
512 2712 700 2798 W[illelmi]
734 2713 874 2777 Bardols
900 2715 1013 2778 timuit
1044 2714 1109 2778 illic
1136 2714 1275 2797 litigare.

170 2818 308 2883 Studuit
331 2838 410 2900 ergo
433 2817 575 2900 qualiter
597 2828 711 2901 posset
735 2818 845 2881 locum
867 2819 960 2882 illum
982 2830 1079 2883 caute
1100 2818 1275 2895 declinare,

169 2923 326 3005 misitque
337 2921 512 2986 dominum
526 2923 689 3005 Algerum
702 2925 901 2987 canonicum
914 2933 1163 3006 procuratorem
1176 2943 1274 2986 suum

168 3026 211 3089 ad
232 3025 322 3089 diem
338 3024 416 3102 litis,
430 3035 465 3090 et
481 3025 685 3089 aduocatum
702 3046 805 3090 vnum
822 3047 898 3090 curn
913 3048 963 3103 e0,
978 3039 1013 3091 et
1028 3027 1202 3110 predocuit
1217 3047 1274 3090 eos

168 3131 252 3193 duas
273 3150 391 3194 causas
413 3130 615 3213 appellandi.
661 3131 707 3195 Et
727 3133 847 3194 eodem
864 3132 918 3195 die
934 3153 1002 3215 quo
1018 3132 1142 3195 direxit
1157 3151 1214 3194 eos
1230 3131 1272 3194 ad

168 3236 257 3299 diem
270 3231 362 3310 litis⁸‚
373 3236 498 3299 direxit
510 3236 611 3299 alium
628 3237 825 3299 canonicum
842 3238 1016 3300 dominum
1029 3237 1218 3318 Johannem
1231 3237 1274 3299 de

168 3339 343 3406 Swalham
359 3339 402 3404 ad
418 3341 543 3404 curiam
560 3341 687 3404 domini
705 3341 825 3423 Legati
840 3342 897 3424 qui
914 3351 994 3404 tunc
1009 3352 1081 3405 erat
1097 3339 1274 3417 Londonii,

167 3445 210 3508 ad
233 3446 481 3528 impetrandum
497 3465 596 3528 super
611 3445 709 3508 dictis
725 3444 1019 3528 appellacionibus.
1067 3445 1273 3527 Factumque

168 3559 219 3614 est
235 3551 325 3633 quod
342 3551 424 3633 ipsis
440 3550 687 3633 appellantibus
704 3572 723 3614 a
741 3552 853 3614 Priore
868 3551 912 3614 de
927 3552 1155 3632 Wyrmegeye
1170 3551 1203 3612 in
1219 3550 1274 3613 die

167 3654 235 3718 litis
251 3655 306 3718 ille
322 3655 407 3718 alius
426 3656 614 3732 canonicus,
630 3656 786 3720 dominus
806 3655 1006 3740 J[ohannes]
1027 3657 1070 3720 de
1092 3654 1274 3732 Swalham,

168 3759 202 3822 in
218 3758 308 3822 curia
324 3758 425 3841 legati
442 3759 559 3824 habuit
576 3760 690 3822 literas
705 3781 782 3824 suas
799 3761 833 3823 in
849 3759 995 3823 crastino
1011 3760 1160 3842 signatas
1175 3779 1274 3841 super

168 3861 455 3946 appellacionibus
481 3863 647 3946 predictis
670 3865 875 3946 veniensque
898 3863 990 3928 dorni
1014 3862 1216 3938 festinanter,
1240 3863 1273 3925 in

167 3969 287 4031 eodem
309 3965 377 4030 sere
398 3976 570 4031 momento
591 3967 683 4030 uenit
705 3967 862 4030 dominus
887 3966 1033 4048 Algerus
1056 3967 1099 4030 de
1123 3967 1274 4050 partibus

168 4071 399 4153 Wermegeye‚
429 4070 572 4146 visisque
608 4070 711 4134 literis
746 4072 779 4134 in
812 4071 927 4134 debita
958 4071 1065 4135 forma
1094 4072 1272 4156 conceptis,

331 4195 413 4247 ¹Tbe
423 4196 560 4262 beginning
571 4197 601 4246 oi
608 4197 657 4246 this
668 4197 1062 4264 storywillbelonndinChap.
1075 4213 1113 4262 32·

331 4279 343 4312 ²
359 4281 519 4346 Wormegay‚
533 4297 549 4330 a
560 4281 638 4332 house
650 4281 680 4331 oi
687 4283 778 4332 Austin
789 4281 891 4332 Canons
902 4283 929 4332 in
941 4281 1057 4332 Noriolk.

330 4361 342 4398 ⁸
357 4363 413 4415 The
425 4363 483 4414 Ms.
494 4373 591 4430 repente
603 4363 645 4415 the
657 4365 739 4416 words
749 4365 839 4415 eod·
851 4365 892 4415 die
902 4365 967 4416 after
975 4365 1035 4416 litis.
