3234 5059
156 389 220 492 111]
409 391 531 466 leased
551 402 586 466 to
622 391 791 464 Wz'llz'am
817 389 1013 486 Barbedor
1193 409 1260 483 157

157 579 287 646 Rogerus
305 594 361 631 non
379 587 422 631 est
438 577 520 632 heres
536 576 720 648 propinquior
732 576 852 647 predicti
863 575 1006 642 Willelmi,
1019 575 1086 644 quia
1098 574 1166 630 dicit
1183 575 1261 645 quod

156 666 231 720 idem
244 667 373 734 Rogerus
385 665 472 719 habet
485 665 627 736 quendam
636 665 752 721 fratrem
764 676 830 720 ante
843 664 956 718 natum¹
968 661 1017 736 [de
1029 664 1130 718 eodem
1143 673 1222 734 patre
1234 673 1263 719 et

156 754 256 808 eadem
281 765 371 808 matre
393 753 567 807 Willelmum
587 752 702 808 nomine
724 753 772 824 qui
794 753 886 807 adhuc
908 759 1051 823 superstes
1075 760 1121 806 est
1141 747 1195 822 [et]
1215 752 1263 822 qui

155 839 339 911 propinquior
357 857 419 895 esse
438 840 521 895 debet
541 849 598 893 tarn
618 839 647 894 in
664 839 726 909 jure
744 857 831 910 quam
852 839 882 892 in
902 839 1081 908 possessione
1098 838 1264 892 hereditatis

157 927 245 998 ipsius
264 927 397 981 Willelmi
417 927 625 996 consequendo,
645 928 719 981 vnde
737 928 808 997 petit
826 926 971 992 indicium,
990 936 1042 980 etc.

211 1017 249 1068 Et
270 1016 397 1082 Rogerus
416 1015 488 1068 bene
505 1014 652 1083 cognoscit
668 1015 744 1083 quod
763 1014 905 1084 predictus
923 1012 1080 1068 Willelmus
1095 1011 1181 1066 frater
1197 1030 1265 1067 suus

157 1111 307 1156 antenatus
325 1103 418 1156 adhuc
435 1109 578 1171 superstes
596 1111 640 1157 est
657 1112 699 1156 set
712 1102 779 1156 dicit
795 1101 872 1173 quod
887 1101 963 1155 idem
975 1100 1133 1154 Willelmus
1150 1100 1221 1155 nihil
1235 1101 1265 1154 in

157 1189 326 1246 tenementis
339 1189 400 1244 istis
412 1189 457 1243 vel
470 1187 610 1260 aliquibus
622 1189 685 1244 aliis
699 1207 748 1260 per
760 1189 929 1244 descensum
939 1189 976 1243 de
985 1187 1112 1258 predicto
1123 1188 1265 1242 Willelmo

157 1289 236 1349 patre
255 1287 307 1332 etc.
327 1277 386 1331 iure
404 1276 574 1331 hereditario
592 1278 742 1332 vendicare
761 1288 863 1348 potest.
902 1277 980 1331 Dicit
998 1276 1075 1331 enim
1094 1276 1171 1347 quod
1189 1276 1265 1330 idem

158 1365 315 1420 Willelmus
328 1365 410 1432 filius,
423 1375 474 1419 etc.
486 1364 615 1419 habitum
629 1365 770 1434 religionis
784 1366 813 1419 in
826 1365 925 1420 ordine
937 1364 1051 1420 Cister'fi
1063 1364 1139 1435 apud
1149 1364 1266 1418 domum

158 1454 193 1508 de
203 1453 284 1507 Valle
296 1455 350 1507 Dei
366 1455 393 1507 in
406 1455 485 1508 Com.
497 1451 587 1507 Line.²
596 1453 719 1522 suscepit
732 1462 760 1507 et
773 1452 801 1506 ia
814 1453 916 1508 eodem
928 1453 1026 1507 ordine
1036 1452 1113 1507 stetit
1123 1462 1151 1507 et
1160 1453 1266 1508 ibidem

158 1539 300 1612 professus
312 1539 363 1594 fuit
378 1540 451 1594 vnde
464 1539 532 1594 dicit
545 1540 622 1610 quod
637 1557 687 1610 per
700 1539 895 1594 dimissionem
912 1551 940 1595 et
957 1540 1160 1609 professionem
1177 1541 1266 1611 ipsius

159 1627 291 1682 Willelmi
316 1638 360 1682 est
385 1628 445 1697 ipse
472 1630 598 1696 Rogerus
623 1628 660 1682 ad
685 1645 802 1698 presens
828 1629 1011 1700 propinquior
1039 1630 1120 1683 heres
1147 1629 1266 1700 predicti

159 1716 292 1772 Willelmi
305 1717 393 1786 patris
406 1726 458 1771 etc.
472 1717 500 1770 in
514 1716 647 1787 predictis
664 1717 832 1771 tenementis
849 1735 883 1772 ex
899 1727 979 1788 parte
995 1717 1114 1788 predicti
1131 1718 1265 1772 Willelmi

158 1805 245 1875 patris
258 1816 311 1860 etc.
325 1805 462 1875 petendis.

212 1894 250 1947 Et
276 1891 354 1947 Prior
379 1893 451 1947 bene
476 1893 621 1962 cognoscit
646 1891 722 1962 quod
750 1893 894 1961 predictus
922 1893 1082 1947 Willelmus
1111 1893 1185 1948 filius
1213 1902 1265 1947 etc

159 1982 300 2052 professus
316 1981 368 2036 fuit
386 1982 415 2035 in
432 1981 558 2051 predicto
575 1981 673 2035 ordine
691 1991 734 2036 set
752 1981 820 2036 dicit
837 1982 913 2053 quod
929 1982 1068 2054 professio
1084 1982 1134 2037 illa
1150 1982 1266 2037 omnino

158 2068 266 2124 irritata
283 2067 334 2123 fuit
354 2077 380 2122 ct
398 2065 592 2140 adnichilata]

570 2231 619 2294 79.
669 2213 853 2288 Juratores.

212 2343 354 2412 Juratores
362 2341 459 2396 dicunt
470 2359 554 2410 super
563 2353 771 2396 sacramentum
780 2361 862 2397 suum
873 2345 948 2413 quod
957 2344 1100 2413 predictus
1108 2344 1266 2398 Willelmus
1278 2352 1429 2395 'sueverunt

160 2429 196 2484 de
211 2427 289 2483 cuius
308 2439 398 2483 morte
417 2439 468 2482 etc.
488 2429 586 2483 habuit
605 2429 676 2484 duos
697 2430 777 2496 filios,
797 2430 903 2484 scilicet
926 2431 1069 2501 quendam
1093 2432 1265 2486 Willelmum
1278 2403 1420 2495 iffiiifltji'ss

161 2522 226 2567 ante
244 2523 342 2566 natum
364 2523 392 2566 et
411 2514 568 2582 predictum
592 2516 734 2584 Rogerum
755 2523 819 2582 post
837 2524 943 2568 natum.
982 2514 1037 2584 Qui
1059 2516 1174 2584 quidem
1193 2517 1265 2571 filius
1278 2503 1429 2606 {mmm

161 2610 328 2654 antenatus
349 2599 461 2654 uiuente
487 2600 612 2670 predicto
633 2600 776 2655 Willelmo
801 2612 881 2671 patre
901 2613 964 2665 etc,
987 2605 1112 2672 suscepit
1137 2605 1265 2658 habitum
1279 2604 1349 2696 ¹1:20¹}
1349 2604 1410 2696 :¹2¹¹

160 2686 281 2756 religiosi
307 2687 336 2740 in
362 2686 460 2741 ordine
483 2687 599 2741 fratrum
622 2688 658 2742 de
679 2689 779 2744 Monte
802 2689 925 2744 Carmeli
946 2691 1023 2760 apud
1046 2691 1265 2761 Cantebrigiam,
1394 2683 1400 2694 ’

161 2785 187 2828 et
200 2776 228 2828 in
243 2774 344 2829 eodem
358 2774 456 2828 ordine
468 2774 611 2844 professus
621 2775 680 2829 fuit.
714 2776 821 2831 Dicunt
830 2777 921 2831 eciam
932 2778 1009 2849 quod
1018 2778 1094 2833 idem
1107 2780 1266 2834 Willelmus

161 2865 258 2919 uolens
277 2881 308 2918 se
327 2864 363 2917 ad
383 2863 518 2917 arciorem
537 2863 625 2917 vitam
646 2865 797 2919 transferre
817 2864 940 2934 suscepit
965 2866 1094 2920 habitum
1116 2865 1267 2938 religsiosi]

161 2954 266 3008 ordinis
286 2951 490 3020 cysterciensis
509 2951 537 3005 in
554 2952 639 3006 domo
656 2951 691 3005 de
706 2953 788 3006 Valle
808 2953 871 3020 Dei,
885 2964 912 3008 et
928 2953 957 3007 in
972 2954 1073 3009 eodem
1090 2957 1189 3011 ordine
1204 2974 1266 3026 pro·

161 3039 251 3094 fessus
264 3039 322 3093 fuit.
361 3041 399 3093 Et
418 3038 515 3092 dicunt
527 3041 604 3110 quod
619 3052 719 3110 postea
735 3057 868 3111 processu
886 3041 1020 3111 temporis
1032 3043 1154 3112 quedam
1167 3044 1268 3098 mulier

161 3145 289 3183 asserens
319 3127 412 3197 ipsum
443 3127 617 3181 Willelmum
644 3137 711 3182 ante
742 3128 956 3198 suscepcionem
985 3131 1098 3185 habitus
1124 3132 1267 3202 vtriusque

161 3214 268 3270 ordinis
281 3215 493 3268 matrimonium
503 3231 567 3267 cum
576 3215 638 3283 ipsa
646 3215 826 3281 contraxisse,
837 3217 925 3270 mouit
934 3233 1018 3286 super
1026 3218 1080 3272 hoc
1089 3221 1265 3288 questionem

160 3320 259 3358 uersus
273 3301 428 3372 predictum
443 3298 640 3371 W[illelmum]
653 3319 749 3356 coram
763 3302 817 3357 loci
834 3302 991 3371 ordinariis,
1001 3315 1029 3358 et
1042 3305 1143 3375 ipsum,
1154 3308 1267 3362 racione
1358 3372 1362 3378 Ι

161 3397 373 3458 precontractus
385 3385 568 3454 matrimonii
581 3385 790 3442 disracionauit.
824 3389 862 3442 Et
874 3389 971 3443 dicunt
983 3389 1060 3458 quod
1073 3389 1148 3444 idem
1161 3391 1267 3445 Willel-

162 3490 225 3528 mus
238 3474 330 3528 adhuc
344 3481 486 3543 superstes
504 3482 555 3526 est.
595 3475 726 3528 Preterea
743 3475 841 3528 dicunt
856 3475 932 3544 quod
948 3475 1091 3545 predictus
1108 3477 1268 3532 Willelmus

162 3563 199 3618 de
220 3563 299 3617 cuius
323 3572 413 3616 morte
438 3572 489 3616 etc.
516 3579 573 3616 non
599 3563 670 3632 obijt
694 3563 815 3632 seysitus
837 3565 872 3617 de
896 3564 1029 3633 predictis
1050 3566 1218 3619 tenementis
1238 3566 1267 3620 in

163 3652 306 3706 dominico
319 3666 370 3704 suo
383 3660 412 3703 vt
429 3650 465 3704 de
482 3649 573 3704 feodo.
612 3651 650 3704 Et
663 3651 739 3721 quod
757 3651 833 3706 idem
847 3653 1005 3707 Willelmus
1022 3652 1109 3707 nichil
1122 3654 1221 3708 habuit
1238 3654 1267 3708 iu
1278 3648 1298 3700 f·
1313 3649 1369 3712 5⁸¹)

162 3739 270 3794 eisdem
283 3738 337 3792 nisi
350 3734 411 3808 [ad]
424 3737 574 3791 terminum
587 3736 644 3791 uite
661 3747 780 3806 tantum,
794 3757 828 3792 ex
840 3739 1005 3796 dimissione
1023 3740 1141 3810 predicti
1156 3741 1266 3795 Prioris.

163 3829 201 3882 Et
225 3826 290 3880 ideo
309 3825 519 3879 consideratum
541 3824 681 3894 estquod
702 3826 846 3895 predictus
868 3828 947 3881 Prior
970 3838 1016 3883 eat
1040 3829 1107 3883 inde
1128 3827 1189 3883 sine
1213 3830 1267 3895 die,

162 3925 190 3969 et
202 3914 279 3986 quod
292 3912 434 3982 predictus
451 3913 579 3980 Rogerus
595 3912 682 3966 nichil
701 3911 795 3983 capiat
813 3930 863 3983 per
877 3930 1006 3983 assysam
1023 3914 1107 3970 istam
1124 3926 1167 3971 set
1184 3916 1220 3971 sit
1237 3917 1267 3972 in

162 3999 356 4057 misericordia
368 4016 420 4069 pro
432 3999 503 4054 falso
516 4000 639 4054 clamore
652 3999 722 4055 etc.³

211 4123 220 4155 ¹
238 4123 293 4173 The
306 4123 363 4172 MS.
376 4121 437 4170 ends
452 4137 478 4170 as
490 4121 599 4171 follows:
617 4122 772 4172 Willelmum
787 4124 890 4173 nomine
904 4123 984 4174 filium
995 4132 1020 4175 et
1031 4125 1148 4176 heredem
1160 4127 1266 4190 predicti

162 4206 292 4266 Willelmi,
305 4204 337 4254 de
348 4205 417 4254 cuius
429 4211 509 4253 morte
520 4211 568 4253 etc.
603 4204 635 4253 Et
647 4203 679 4254 de
690 4204 738 4254 hoc
749 4207 821 4270 ponit
833 4221 859 4255 se
871 4221 945 4271 super
955 4222 1064 4271 assysam
1074 4215 1122 4257 etc.

211 4285 222 4318 ¹
238 4287 351 4351 Vaudey,
365 4287 391 4336 in
404 4286 446 4336 the
457 4285 542 4350 parish
553 4285 582 4336 of
591 4286 732 4348 Edenham,
746 4287 773 4339 S.
787 4289 969 4340 Lincolnshire

211 4367 263 4420 ”A
282 4369 380 4419 curious
399 4384 464 4426 case,
484 4368 613 4434 involving
632 4369 676 4420 the
697 4377 765 4434 story
784 4369 814 4419 of
832 4387 847 4420 a
869 4387 969 4422 woman
990 4371 1047 4421 who
1069 4374 1204 4423 recovered
1222 4375 1268 4425 her

162 4452 276 4502 husband
293 4463 336 4501 out
354 4450 383 4500 of
396 4468 411 4500 a
428 4451 544 4516 religious
561 4451 642 4502 order.
