3234 5059
153 362 209 461 vr]
433 365 630 439 Huno'red
650 366 698 462 ry
715 364 848 439 North
875 363 976 438 Stow
1189 384 1255 452 241

153 549 366 633 Neweh[am]
401 561 435 615 et
468 551 511 615 de
541 550 764 632 Cantebrigia.
814 549 943 613 Ibidem
975 547 1144 611 Gallridus
1174 544 1261 609 filius

153 652 294 718 Gallridi
339 654 441 719 debet
486 655 514 736 .j.
560 664 685 719 sectam
723 665 758 718 et
802 654 846 717 de
890 652 1018 717 auxilio
1055 649 1261 716 vicecomitis

152 757 250 840 .iiijol.
273 758 326 822 ob.

216 862 409 927 Lollewrtlre
444 859 652 945 [Lolworth].
699 859 873 943 Philippus
909 860 952 925 de
991 859 1136 925 Stanton
1167 869 1261 923 tenet

153 966 288 1031 feodum
304 966 333 1049 .j.
344 965 459 1031 militis
474 968 518 1030 de
533 965 631 1030 feodo
648 966 795 1048 episcopi
809 964 975 1048 Elyensis.
1022 964 1151 1029 Ibidem
1167 975 1260 1029 tenet

152 1069 288 1135 feodum
315 1072 344 1155 .j.
370 1072 484 1137 militis
508 1073 552 1136 de
575 1070 703 1135 honore
728 1070 864 1133 Peuerel
889 1073 932 1135 de
958 1070 1116 1135 Hamone
1144 1070 1260 1146 Peche,

152 1184 186 1240 et
216 1185 295 1240 sunt
324 1175 448 1242 ibidem
472 1176 514 1258 .ij.
541 1175 619 1241 hide
649 1175 842 1259 geldabiles,
869 1185 904 1239 et
927 1175 1028 1240 debet
1053 1176 1260 1259 pontagium

153 1280 253 1344 etde
277 1282 387 1345 warda
412 1279 521 1346 Castri
552 1280 637 1345 inira
663 1300 788 1344 annum
819 1290 854 1344 et
883 1278 1059 1343 dimidium
1084 1278 1258 1342 dimidiam

153 1404 309 1449 marcam.

218 1487 359 1568 Impiton
374 1488 609 1572 [Impington].
649 1489 822 1572 Philippus
834 1489 877 1554 de
889 1488 1004 1553 Insula
1015 1497 1108 1552 tenet
1123 1487 1257 1552 feodum

151 1592 180 1675 .j.
212 1593 326 1657 militis
362 1594 406 1657 de
435 1596 593 1679 episcopo
624 1595 770 1678 Elyensi.
818 1594 947 1658 ibidem
987 1593 1183 1658 Alexander
1215 1595 1258 1658 de

154 1698 301 1782 Impiton
331 1710 424 1763 tenet
454 1699 588 1764 leodum
613 1700 641 1783 .j.
665 1699 779 1765 militis
801 1700 845 1763 de
868 1700 1025 1781 episcopo
1057 1698 1194 1780 Elyensi
1225 1709 1259 1764 et

152 1800 253 1865 debet
275 1802 304 1884 .j.
328 1812 464 1878 sectam,
486 1813 520 1865 et
542 1802 584 1867 de
607 1803 735 1867 auxilio
757 1803 962 1867 vicecomitis
985 1802 1062 1883 .iij.s.

217 1905 403 1970 Landbcclre
443 1905 686 1991 [Landbeach].
734 1906 902 1969 Robertus
938 1906 982 1969 de
1020 1905 1130 1969 Beche
1166 1914 1258 1969 tenet

152 2008 287 2073 feodum
304 2008 333 2091 .j.
350 2009 464 2073 militis
485 2011 528 2073 de
542 2010 679 2075 baronia
698 2009 866 2073 Hamonis
882 2008 1029 2093 [Peche]‚
1049 2018 1084 2073 et
1099 2009 1201 2072 debet
1215 2010 1258 2074 de

152 2111 280 2176 auxilio
295 2114 500 2177 vicecomitis
516 2114 606 2196 .iiij.s.
621 2124 655 2177 et
674 2122 765 2177 tenet
782 2136 819 2176 .v.
835 2113 959 2195 hydast
980 2133 1051 2175 erre
1066 2111 1258 2195 geldabiles,

155 2215 283 2281 Ibidem
309 2216 413 2298 Hugo
435 2216 477 2281 de
501 2218 610 2301 Bracy
632 2226 725 2282 tenet
746 2216 880 2281 feodum
904 2216 933 2298 .j.
957 2216 1072 2281 militis
1094 2218 1137 2280 de
1159 2216 1258 2282 feodo

151 2323 299 2406 episcopi
325 2322 489 2406 ElyensiS,
513 2333 547 2388 et
571 2322 682 2386 reddit
706 2321 790 2385 infra
813 2341 938 2386 annum
962 2331 996 2385 et
1016 2322 1192 2386 dimidium
1216 2322 1258 2384 de

152 2426 262 2490 warda
284 2425 392 2492 Castri
414 2426 588 2491 dimidiam
613 2447 767 2502 marcam,
787 2426 913 2490 scilicet
933 2425 976 2489 de
999 2425 1099 2489 feodo
1119 2426 1257 2489 Roberti

151 2528 194 2591 de
210 2528 329 2605 Beche,
343 2538 377 2592 et
392 2529 494 2594 debet
509 2531 714 2613 pontagium.

216 2632 396 2713 Ramptone
406 2632 616 2717 [Rampton].
656 2633 875 2698 Robertusde
886 2634 1001 2699 Insula
1016 2645 1108 2699 tenet
1124 2635 1257 2699 feodum

151 2736 179 2817 .j.
193 2736 307 2799 militis
319 2738 361 2801 de
374 2736 472 2801 feodo
484 2739 631 2820 episcopi
646 2738 811 2820 Elyensis,
821 2748 853 2803 et
866 2739 965 2803 debet
977 2739 1006 2821 .j.
1018 2750 1143 2804 sectam
1156 2761 1257 2823 quam

153 2835 320 2899 Walterus
337 2837 479 2899 Freman
496 2836 574 2900 lacit
589 2858 650 2920 pro
665 2858 713 2901 eo.

216 2938 380 3004 Hokr'tone
424 2940 659 3025 [Oakington].
718 2943 891 3025 Johannes
934 2944 978 3007 de
1008 2944 1187 3009 Grantsete
1223 2955 1258 3010 et

151 3044 329 3128 participes
359 3045 410 3107 sui
433 3054 549 3109 tenent
576 3045 617 3127 .ij.
645 3056 756 3128 partes
780 3045 869 3111 leodi
893 3049 923 3129 .j.
953 3047 1068 3111 militis
1091 3050 1135 3112 de
1159 3049 1258 3114 feodo

153 3149 287 3212 Peuerel
305 3150 338 3211 in
355 3149 489 3212 Bronne
508 3148 551 3213 de
573 3149 723 3214 Roberto
743 3151 786 3213 de
803 3149 883 3226 Ros,
897 3160 931 3214 et
947 3152 1071 3215 ibidem
1087 3152 1258 3235 Johannes

152 3252 252 3315 debet
273 3250 302 3334 .j.
326 3262 461 3329 sectam,
483 3260 517 3315 et
540 3252 583 3315 de
606 3252 733 3316 auxilio
755 3254 961 3318 vicecomitis
983 3256 1124 3333 ,xviii.·d.‚
1154 3268 1188 3320 et
1214 3259 1257 3322 de

152 3356 263 3420 warda
287 3355 395 3420 Castri
419 3355 504 3420 Infra
526 3376 651 3419 annum
674 3365 708 3421 et
731 3356 908 3422 dimidium
931 3358 1021 3441 .iiij.s.
1044 3358 1108 3441 .ijd.
1130 3362 1192 3438 ob„
1222 3372 1256 3426 et

150 3470 243 3525 tenet
259 3461 286 3543 .j.
303 3460 430 3544 hydam
446 3470 481 3525 et
497 3460 670 3524 dimidiam
682 3460 875 3543 geldabiles‚
886 3471 920 3526 et
934 3462 1035 3526 debet
1051 3465 1256 3547 pontagium.

154 3564 282 3628 ibidem
301 3564 468 3628 Robertus
490 3562 533 3627 de
551 3563 664 3627 Insula
686 3572 779 3629 tenet
798 3565 973 3630 dimidiam
996 3567 1122 3650 hydam
1143 3569 1257 3652 gelda-

152 3666 252 3731 bilem
290 3676 325 3730 et
363 3669 395 3730 in
427 3666 585 3731 Westwic
622 3667 661 3733 .ii.
691 3668 800 3751 hydas
830 3669 1014 3751 geldabiles
1043 3681 1078 3735 et
1106 3672 1257 3737 defendit

152 3772 193 3836 .ii.
231 3781 343 3854 partes
372 3771 400 3852 .j.
432 3770 547 3835 militis
583 3773 626 3836 de
656 3772 781 3837 honore
820 3773 1050 3840 Richmondie.
1126 3777 1256 3842 Ibidem

153 3876 320 3941 Walterus
333 3874 467 3940 Cliuard
484 3885 576 3941 tenet
586 3876 628 3958 .ij.
644 3876 752 3959 hydas
763 3887 797 3943 et
808 3878 982 3943 dimidiam
996 3900 1062 3943 non
1075 3881 1257 3963 geldabiles

152 4002 213 4064 pro
228 3990 346 4062 quarta
362 3990 456 4063 parte
477 3982 605 4044 seruicii
627 3981 656 4064 .j.
676 3982 791 4046 militis
805 3982 849 4047 de
864 3983 998 4049 Comite
1016 3985 1257 4053 Huntindonie.

154 4084 284 4149 IbIdem
303 4083 407 4167 Hugo
421 4086 464 4148 de
477 4085 643 4169 Burdeley
656 4093 689 4149 et
703 4086 816 4169 Roger
827 4086 955 4151 Giffard
973 4098 1087 4155 tenent
1103 4105 1256 4174 quartam

152 4199 282 4272 partem
305 4188 394 4252 leodi
418 4188 446 4271 .j.
469 4190 584 4254 militis
605 4192 647 4255 de
670 4191 804 4255 Comite
829 4192 1071 4261 Huntindonie.
1127 4198 1256 4263 Ibidem

154 4295 272 4359 Abbas
289 4294 457 4359 CrouIand
474 4294 574 4360 debet
595 4298 623 4362 .i.
646 4306 782 4373 sectam,
797 4308 832 4362 et
847 4308 939 4362 tenet
954 4301 1127 4366 dimidiam
1143 4304 1256 4369 villam

152 4419 211 4483 per
225 4408 334 4463 totum
351 4400 384 4462 in
401 4399 538 4464 liberam
555 4401 781 4467 elemosinam.

233 4544 262 4588 e.
1142 4540 1176 4597 16
