3234 5059
314 389 364 458 40
687 362 853 438 Chartcr
878 362 927 461 eff
944 362 1060 460 Pycot
1303 359 1425 461 [Boou

148 571 167 621 s.
183 586 211 623 ια
361 570 388 638 5.
434 555 538 623 Carta
558 556 674 638 Pycoti
693 555 887 621 vicecomitis
907 576 1007 639 quam
1020 557 1104 638 fecit
1123 556 1283 621 camitt'cis
1304 556 1382 621 sur's.

152 697 285 789 {ffirtof
371 694 485 748 Picotus
506 693 667 747 vicecomes
687 692 819 747 omnibus
841 692 1002 747 hominibus
1024 691 1082 747 suis
1103 702 1132 747 et
1151 690 1251 748 amicis
1273 690 1377 747 francis
1399 700 1426 746 et

152 797 274 846 donum,
317 782 409 852 anglis
427 793 487 837 tam
505 782 683 853 presentibus
701 799 788 853 quam
806 781 907 836 suturis
926 782 1054 836 salutern.

153 846 292 939 33:¹¹³
372 872 475 925 Sciatis
499 886 546 923 me
569 868 689 923 consilio
712 868 822 922 domini
852 868 975 937 Remigij
1006 867 1211 923 Lincolniensis
1237 867 1374 939 Episcopi
1398 876 1427 922 et

153 946 276 1048 {mm
317 960 448 1029 precibus
470 955 616 1027 Hugoline
633 956 728 1011 vxoris
744 973 808 1011 mee
825 956 1005 1011 constituisse
1022 956 1175 1011 canonicos
1192 957 1334 1025 regulares
1350 955 1427 1026 apud

319 1045 532 1115 cantebrigiam
549 1045 587 1099 ad
601 1044 761 1099 Ecclesiam
777 1044 876 1098 Sancti
890 1042 985 1113 Egidij
999 1044 1196 1113 inperpetuum
1209 1044 1263 1098 deo
1275 1042 1428 1097 seruiturus

318 1145 464 1190 eteorum
489 1133 607 1189 consilio
631 1134 746 1189 dedisse
766 1133 875 1187 eisdem
899 1132 1044 1187 canonicis
1065 1141 1093 1185 et
1118 1130 1293 1186 concessisse
1318 1140 1344 1184 et
1374 1131 1427 1184 hac

318 1240 383 1277 mea
412 1232 491 1278 carta
516 1222 700 1277 confirmasse
725 1238 777 1291 pro
805 1238 903 1276 amore
931 1219 976 1274 dei
1002 1231 1030 1274 et
1054 1236 1106 1289 pro
1131 1218 1222 1274 salute
1246 1218 1340 1273 anime
1365 1236 1429 1273 mee

320 1311 481 1367 Ecclesiam
503 1310 594 1364 sancti
614 1308 708 1378 Egidij
731 1309 767 1363 de
790 1306 981 1376 cantebrigia,
1000 1306 1047 1362 ubi
1068 1307 1170 1361 domus
1192 1324 1290 1363 eorum
1312 1307 1431 1361 lundata

319 1408 370 1464 est,
388 1398 548 1452 Ecclesiam
565 1397 601 1452 de
620 1397 761 1451 Mordone
777 1412 842 1451 cum
861 1396 979 1466 Capella
995 1396 1031 1450 de
1049 1394 1199 1463 Redderia,
1218 1396 1376 1450 Ecclesiam
1394 1394 1430 1449 de

319 1486 492 1553 Thadelaus,
506 1485 665 1540 Ecclesiam
683 1485 718 1539 de
733 1486 827 1539 Brune
840 1501 904 1538 cum
923 1484 1040 1555 Capella
1057 1484 1172 1539 Castelli
1192 1493 1219 1539 et
1236 1500 1300 1538 curn
1315 1483 1431 1553 Capella

319 1572 355 1627 de
375 1573 535 1639 Caldecote,
553 1574 713 1628 Ecclesiam
732 1574 769 1628 de
787 1574 987 1641 cunibertum,
1005 1572 1164 1629 Ecclesiam
1183 1573 1219 1627 de
1238 1572 1431 1640 Maddingele,

321 1661 481 1716 Ecclesiam
499 1661 536 1715 de
558 1663 727 1732 Ramptoue,
748 1661 892 1716 Ecclesias
910 1661 947 1716 de
969 1662 1141 1716 Harlestone
1162 1671 1189 1716 et
1212 1660 1248 1715 de
1271 1660 1430 1725 Henxtone,

320 1749 468 1803 habendas
486 1758 514 1803 et
532 1750 671 1804 tenendas
688 1748 784 1816 libere,
802 1747 905 1820 quiete,
923 1749 1086 1815 honorilice,
1103 1750 1219 1817 integre,
1239 1749 1268 1803 in
1287 1747 1384 1818 pratis,
1402 1746 1431 1801 in

321 1834 410 1903 terris,
429 1845 457 1890 et
477 1836 609 1906 pasturis,
631 1846 659 1891 et
680 1852 745 1890 cum
768 1835 887 1890 decimis
911 1836 1140 1891 molendinorum
1161 1848 1190 1889 et
1211 1852 1277 1890 cum
1301 1834 1432 1889 omnibus

322 1924 385 1994 alijs
409 1922 591 1994 pertinenciis
615 1923 644 1976 in
669 1922 744 1977 uillis
768 1933 798 1978 et
822 1934 902 1979 extra
926 1924 1008 1979 uillas
1032 1925 1061 1979 in
1086 1925 1206 1979 liberam
1228 1932 1255 1978 et
1280 1938 1380 1994 puram
1404 1930 1432 1976 et

322 2021 486 2082 perpetuam
505 2011 698 2067 elemosinam

160 2099 309 2145 olenenme
377 2098 512 2154 Concessi
532 2101 660 2155 similiter
681 2101 739 2155 iarn
760 2100 844 2155 dictis
867 2100 1011 2155 canonicis
1029 2102 1149 2156 consilio
1167 2100 1286 2173 predicti
1308 2098 1430 2168 Remigij

159 2152 300 2245 ffinteoto
325 2188 530 2243 Lincolniensis
549 2188 684 2259 Episcopi
703 2190 774 2243 duas
792 2199 888 2260 partes
906 2189 1080 2245 decimarum
1095 2192 1131 2245 de
1149 2189 1280 2245 omnibus
1299 2186 1432 2243 dominiis

160 2253 270 2296 canone.
323 2275 450 2331 omnium
472 2275 592 2330 militum
613 2292 741 2330 meorum
761 2276 789 2330 in
814 2278 1061 2347 cantebrigesira3
1082 2279 1189 2334 scilicet
1210 2277 1246 2333 de
1269 2278 1377 2345 Queya,
1395 2276 1433 2330 de

325 2366 426 2431 Stowe,
443 2365 480 2420 de
496 2364 694 2433 Waterbeche,
707 2366 744 2420 de
764 2366 949 2434 Middeltone,
966 2367 1002 2422 de
1023 2368 1178 2436 lmpetone,
1196 2366 1232 2420 de
1253 2366 1383 2431 Histone,
1396 2363 1432 2417 de

325 2453 472 2521 Grettone,
484 2453 518 2507 de
534 2453 688 2521 Hokitone,
701 2454 736 2508 de
751 2455 902 2524 Ramtone,
915 2455 951 2510 de
969 2455 1112 2523 Cottham,
1126 2457 1161 2511 de
1176 2452 1383 2519 Lolleswortbe,
1396 2451 1433 2505 de

325 2543 519 2611 Trumpitone,
532 2542 568 2597 de
583 2543 787 2612 Haselingleld,
801 2543 838 2597 de
856 2544 1023 2613 Harletone,
1035 2545 1070 2598 de
1085 2542 1274 2609 Euercsdone,
1288 2542 1325 2596 de
1341 2540 1434 2605 Toite,

325 2629 1432 2701 deoaldecote,detlingestone,dewynepola,deCrawedene1,deHalte1eya‚

326 2717 362 2772 de
375 2716 610 2787 Pampesworthe,
623 2718 661 2771 de
677 2717 859 2787 Aldewincle,
872 2718 1020 2774 habendas
1035 2728 1065 2774 et
1082 2718 1219 2773 tenendas
1236 2718 1323 2773 libere
1340 2717 1434 2788 quiete

327 2814 354 2858 et
372 2804 481 2873 integre
498 2804 527 2858 in
545 2816 712 2875 perpetuam
724 2815 753 2860 et
770 2822 871 2875 puram
887 2805 1081 2875 elemosinam,
1093 2806 1131 2859 ad
1147 2806 1250 2859 domus
1267 2822 1316 2859 sue
1333 2816 1361 2859 et
1379 2802 1434 2857 illic

326 2891 380 2945 deo
393 2889 581 2945 seruiencium
596 2902 763 2961 perpetuam
779 2891 1026 2948 sustentacionem.
1065 2892 1115 2965 Hij
1129 2903 1193 2947 sunt
1210 2902 1304 2948 testes.
1345 2892 1433 2945 llum-

326 2979 415 3034 iridus
429 2980 608 3050 Capellanus,
621 2991 673 3036 etc.

565 3131 595 3195 6.
640 3131 693 3194 De
713 3141 815 3195 morte
836 3131 952 3213 Pycoti
971 3140 1003 3197 et
1022 3131 1196 3215 Hugoline.

164 3272 315 3365 fn‘ffi‘g}
394 3266 522 3332 Uerum
553 3277 631 3331 ante
661 3289 763 3351 quam
794 3269 851 3332 illa
881 3270 1005 3353 exigua
1041 3272 1261 3354 congregacio
1296 3269 1433 3333 alicuius

163 3372 315 3474 illidii„
328 3371 535 3435 certitudinis
550 3382 676 3437 statum
688 3374 961 3458 apprehenderet,
977 3374 1030 3439 uel
1047 3378 1152 3439 eciam
1168 3376 1435 3439 semiconuentu-

164 3472 389 3574 fhssnssfflssgalis
416 3476 517 3553 fieret,
544 3488 621 3560 post
648 3498 773 3560 paucos
799 3498 906 3542 annos
936 3480 1037 3543 ambo
1068 3479 1178 3544 felices
1210 3480 1436 3562 migrauerunt

164 3572 315 3665 ἕξξξξζω
329 3579 372 3643 ad
402 3579 586 3658 dominum,
616 3580 806 3644 adiurantes
838 3581 942 3645 filium
972 3603 1069 3645 suurn
1107 3584 1291 3647 Robertum
1326 3592 1363 3645 ut
1393 3581 1435 3653 de

329 3682 432 3746 domo
456 3683 512 3748 illa
536 3685 676 3749 ditanda
702 3698 735 3749 et
761 3686 956 3769 amplianda
981 3685 1090 3751 honus
1116 3686 1241 3751 subiret
1264 3696 1297 3750 et
1322 3705 1434 3750 curam

330 3796 468 3871 gereret.

625 3933 654 4000 7.
698 3920 751 3983 De
771 3920 910 3984 Roberto
922 3920 1000 4003 filio
1023 3920 1143 4004 Pycoti.

166 4056 294 4157 §offiiu-
399 4056 459 4121 Set
487 4056 541 4120 ille
573 4057 740 4121 Robertus
767 4069 943 4141 parentum
972 4058 1087 4124 relicto
1115 4059 1258 4142 uestigio
1285 4060 1317 4122 in
1344 4058 1438 4122 breui

168 4157 268 4259 ⁸¹:2²⁸*
332 4170 506 4226 accusatus
544 4164 633 4244 quod
670 4164 703 4225 in
742 4164 829 4245 regis
862 4184 977 4227 necem
1013 4173 1047 4228 et
1083 4164 1174 4246 regni
1211 4163 1437 4246 prodicionem

170 4258 288 4310 “mlh
332 4268 574 4350 conspirasset;
597 4276 632 4330 et
651 4288 751 4351 super
771 4269 834 4331 hoc
856 4289 876 4332 a
895 4258 1041 4350 glorioso
1062 4290 1139 4352 rege
1165 4270 1312 4333 Henrico
1330 4271 1438 4352 primo

582 4396 592 4429 ¹
609 4399 753 4459 Grandena,
767 4400 839 4460 MS„
851 4400 897 4450 but
908 4416 950 4451 see
961 4399 1044 4465 Chap.
1059 4416 1097 4458 11,
1109 4416 1136 4466 p.
1148 4417 1188 4466 43.
