3234 5059
356 338 427 429 298
603 336 766 413 Temnts
791 340 832 413 in
858 340 1001 427 Boura,
1033 338 1221 414 Caldecote
1337 335 1457 440 [soon

416 523 604 588 Willelmus
621 525 701 592 Scot
717 536 811 592 sutor
825 536 918 592 tenet
932 528 1103 612 quoddam
1119 528 1269 593 clausum
1285 528 1329 593 ad
1340 529 1458 593 voiun-

350 637 455 693 tatem
473 629 602 706 Prioris,
616 640 650 694 et
665 630 765 695 debet
782 652 981 715 perannum
998 634 1073 698 srvi.
1088 634 1251 698 denarios.

415 730 582 796 Walterus
605 732 636 797 le
659 734 778 817 Longe
799 746 893 800 tenet
915 736 1086 819 quoddam
1110 738 1259 802 clausum
1281 736 1325 801 ad
1340 738 1457 802 volun·

349 844 454 899 tatem
491 834 611 900 Prioris
649 857 725 901 cum
764 839 878 917 crofta,
908 849 941 904 et
972 840 1070 905 faciet
1100 851 1244 925 quatuor
1273 863 1392 925 operas
1421 843 1455 905 in

348 947 543 1023 autumpno,
565 949 599 1005 et
621 938 721 1005 debet
745 961 950 1024 perannum
973 942 1015 1025 ,ij.
1037 944 1170 1008 solidos.

414 1042 601 1107 Willelmus
618 1042 728 1109 Euote
743 1054 835 1110 tenet
850 1047 1022 1128 quoddam
1034 1046 1184 1111 clausum
1199 1068 1275 1112 cum
1291 1048 1397 1113 crofta
1413 1049 1455 1112 ad

349 1146 528 1211 terminum
544 1146 613 1211 vite
627 1156 662 1211 et
676 1147 777 1213 debet
793 1168 990 1231 perannum
1007 1148 1060 1231 iij.
1076 1149 1209 1215 solidos.

903 1254 1045 1319 Summa
1059 1276 1102 1319 .x.
1117 1253 1215 1318 solidi
1230 1253 1305 1335 xiij.
1321 1253 1457 1317 denarii

416 1423 581 1488 Redditus
619 1390 771 1490 annualis
808 1428 851 1491 de
887 1430 1080 1494 tenentibus
1116 1431 1173 1514 qui
1206 1440 1384 1495 tenuerunt
1413 1432 1456 1495 de

351 1544 500 1609 Roberto
523 1544 621 1609 Bette
643 1545 676 1609 in
700 1546 778 1610 villa
800 1547 844 1611 de
868 1550 1020 1614 Brunne:

413 1799 467 1862 De
484 1798 632 1863 Roberto
648 1796 716 1862 filio
733 1797 861 1862 Albrici
877 1798 972 1864 West
988 1819 1187 1882 perannum
1203 1799 1244 1881 ,tj.
1260 1800 1422 1863 denarios.

413 1901 467 1965 De
484 1903 633 1987 Symone
649 1902 815 1985 Berenger
830 1923 888 1985 per
903 1923 1029 1968 annum
1044 1902 1074 1986 .j.
1089 1904 1262 1969 denarium
1279 1902 1331 1967 ob.

414 2006 467 2070 De
481 2005 635 2088 Johanne
652 2004 802 2070 Norman
820 2026 879 2089 per
893 2026 1019 2071 annum
1036 2006 1096 2071 .ob.

1071 2109 1212 2176 Summa
1227 2109 1301 2193 ‚viij.
1318 2112 1453 2175 denarii.

414 2240 579 2304 Redditus
595 2239 748 2304 annualis
764 2239 806 2304 de
824 2240 978 2303 Brunne:

413 2385 467 2450 De
489 2386 627 2451 domino
649 2386 801 2453 Gilberto
818 2386 927 2450 Peche
948 2386 991 2449 ad
1015 2386 1137 2450 festum
1155 2387 1263 2451 sancti
1280 2386 1454 2451 Michaelis

347 2512 438 2555 ,xxu
462 2490 594 2557 solidos.

413 2596 466 2661 De
495 2598 614 2661 eodem
645 2596 796 2663 Gilberto
828 2597 935 2663 Peche
965 2597 1009 2661 ad
1041 2596 1163 2661 Natale
1195 2597 1331 2661 Domini
1362 2620 1454 2663 mxv.

348 2700 480 2765 solidos.

414 2806 466 2868 De
481 2806 600 2869 eodem
616 2804 768 2871 Gilberto
782 2807 827 2871 ad
844 2805 972 2871 Pascha
986 2828 1077 2871 ‚xxu
1093 2806 1227 2883 solidos.

414 2910 466 2974 De
502 2910 621 2975 eodem
658 2910 701 2974 ad
740 2911 861 2976 festum
901 2910 1098 2975 Natiuitatis
1136 2911 1253 2977 Sancti
1289 2909 1453 2993 johannis

348 3015 502 3099 Baptista
524 3037 615 3079 .xxv.
639 3015 772 3081 solidos.
1151 3013 1293 3081 Summa
1308 3038 1346 3080 .v.
1362 3015 1454 3081 libre.

593 3156 733 3222 Summa
748 3157 863 3221 totalis
877 3154 921 3220 de
938 3156 1071 3220 Brunne
1086 3154 1148 3239 ⁸vij.
1165 3155 1235 3221 libr.
1251 3155 1328 3239 ,vja
1344 3154 1453 3237 ‚viija

762 3461 808 3523 18.
853 3454 1052 3541 [cadauere]

254 3614 269 3664 t
289 3614 333 3665 168
413 3608 473 3672 Isti
511 3616 588 3671 sunt
625 3606 727 3671 libere
764 3616 916 3671 tenentes
954 3605 1076 3670 Prioris
1113 3607 1155 3670 de
1186 3592 1387 3670 Bernewelle
1418 3608 1452 3670 in

347 3730 547 3797 Caldecote:

413 3873 475 3936 Pro
490 3872 621 3936 decima
637 3869 819 3934 molendini
835 3869 878 3933 de
894 3866 1074 3932 Caldecote
1091 3866 1130 3948 ,ij.
1146 3866 1279 3932 solidoa

412 3974 580 4041 Galsridus
602 3974 698 4057 Crisp
719 3982 811 4037 tenet
834 3993 935 4036 unam
955 3972 1120 4054 virgatam
1141 3979 1228 4033 terre
1242 3992 1300 4053 per
1314 3981 1454 4049 cartam,

346 4090 380 4145 et
397 4080 505 4145 reddit
521 4078 598 4143 inde
613 4099 673 4161 per
688 4098 812 4141 annum
828 4077 893 4159 iiij.
909 4076 1034 4140 solidos
1049 4075 1113 4156 iiij.
1130 4075 1292 4138 denarios

413 4186 579 4249 Robertus
615 4187 658 4249 de
697 4185 830 4247 Brunne
867 4193 959 4247 tenet
996 4182 1167 4266 quoddam
1205 4179 1354 4244 clausum
1393 4204 1455 4265 per

346 4298 472 4355 cartam
500 4289 589 4372 [cum
620 4286 757 4370 croftis],
780 4297 813 4350 et
837 4285 946 4350 reddit
971 4286 1048 4349 inde
1071 4305 1277 4367 perannum
1300 4285 1367 4368 .xij.
1393 4288 1454 4352 de-

345 4396 457 4461 narios
480 4396 528 4479 [et
551 4414 649 4459 vnam
675 4394 791 4458 libram
816 4390 951 4476 cimini}
