3234 5059
339 355 407 426 168
497 355 644 430 Extant
666 356 713 453 of
730 355 790 430 the
818 354 942 430 Castle
967 364 1009 430 at
1036 355 1258 456 Cambridge
1318 355 1439 455 [soon

332 537 492 621 cipientes
528 541 570 603 ad
607 539 717 604 locum
753 541 811 623 qui
842 550 981 605 uocatur
1010 540 1224 606 Armeswerk
1254 541 1439 606 circuibant

333 643 494 706 fossatum
518 643 636 720 Castri‚
656 645 875 708 ascendentes
898 665 1003 727 usque
1025 645 1069 708 ad
1091 643 1200 709 locum
1222 646 1278 728 qui
1299 656 1440 711 uocatur

333 745 546 830 Aswykston‚
558 756 591 811 et
608 747 849 812 descendentes
865 746 1014 812 fecerunt
1028 749 1205 813 transitum
1218 770 1278 833 per
1290 749 1437 812 medium

331 852 419 915 curie
441 850 626 916 Scolarium
648 853 690 916 de
712 852 867 916 Mertone
889 863 1065 937 peruetus
1086 853 1250 918 fossatum
1272 854 1436 936 usquead

331 956 481 1019 riueram.
528 957 573 1020 Et
595 958 732 1021 tandem
755 959 932 1021 redeuntes
948 959 1112 1021 dederunt
1128 978 1324 1040 responsum
1340 978 1436 1022 suum

331 1058 422 1139 quod
450 1067 541 1122 totus
568 1058 623 1122 ille
650 1059 806 1123 circuitus
831 1060 1007 1142 spectabat
1030 1061 1072 1123 ad
1096 1060 1304 1142 procinctum
1328 1059 1438 1124 Castri

331 1181 391 1243 per
419 1171 664 1226 sacramentum
697 1163 786 1245 quod
819 1163 976 1228 lecerunt.
1021 1165 1068 1228 Et
1098 1185 1142 1227 ex
1173 1163 1236 1228 hac
1262 1164 1438 1227 occasione

330 1278 494 1332 uenerunt
525 1268 638 1333 breuia
669 1269 773 1352 Regis
802 1271 935 1354 singula
965 1292 1066 1354 super
1095 1291 1213 1334 omnes
1246 1270 1438 1335 habitantes

330 1372 416 1436 ultra
447 1381 585 1456 pontem
616 1393 660 1436 ex
691 1382 786 1456 parte
818 1375 936 1451 Castri,
965 1371 1037 1452 Quo
1071 1374 1236 1450 Waranto,
1261 1383 1324 1450 eta,
1349 1373 1437 1437 vnde

330 1478 430 1541 timor
452 1497 569 1542 omnes
592 1476 722 1542 inuasit.

215 1650 254 1680 m·
398 1583 489 1647 Prior
509 1602 589 1646 uero
607 1583 764 1666 opposuit
780 1603 816 1646 sc
832 1583 946 1647 dicens
962 1585 1052 1666 quod
1068 1583 1111 1646 ad
1128 1583 1302 1648 ecclesiam
1319 1581 1436 1647 Sancti

226 1701 277 1780 ⁸0„
331 1687 444 1770 Egidij
476 1687 572 1750 iuxta
603 1686 757 1751 Castrum
789 1697 884 1752 erant
914 1687 1064 1751 canonici
1095 1689 1139 1751 de
1169 1686 1371 1752 Bemewelle
1401 1687 1434 1750 in

231 1801 246 1830 ⁸
330 1791 493 1875 principio
530 1791 669 1868 fundati,
699 1792 812 1875 ibique
847 1790 1036 1855 habuerunt
1068 1791 1217 1856 officinas
1247 1811 1325 1855 suas
1354 1791 1436 1854 satis

187 1901 203 1930 V
219 1901 238 1931 ¹·
329 1905 568 1978 competentes,
588 1905 622 1958 et
642 1894 725 1958 duas
746 1915 840 1959 acras
861 1902 947 1958 terre
967 1905 1046 1958 ante
1066 1904 1198 1978 portam
1218 1895 1357 1959 ecclesie
1377 1914 1435 1958 sue

328 2018 442 2062 uersus
464 1998 569 2081 ripam
591 2019 635 2061 ex
656 1996 747 2062 dono
769 1996 920 2060 Matildis
943 1997 1129 2075 Comitisse,
1145 2009 1179 2062 et
1199 2000 1289 2081 quod
1310 1997 1434 2062 ibidem

327 2110 490 2165 steterunt
513 2100 664 2164 canonici
688 2120 747 2184 per
767 2101 886 2182 viginti
910 2120 1016 2164 annos
1039 2111 1220 2184 antequam
1244 2109 1355 2165 essent
1376 2121 1435 2184 per

329 2204 501 2286 Paganum
524 2203 660 2268 Peuerel
682 2204 724 2267 ad
748 2203 997 2268 Bemewelliam
1020 2204 1180 2270 translati.
1226 2205 1272 2269 Et
1288 2205 1435 2269 ostendit

328 2319 455 2373 cartam
485 2311 589 2372 Picoti
614 2309 831 2373 Vicecomitis
858 2309 914 2392 qui
942 2308 1077 2373 eosdem
1105 2309 1284 2373 canonicos
1310 2308 1433 2372 ibidem

327 2413 491 2489 fundauit,
521 2423 555 2478 et
585 2422 712 2478 cartam
746 2413 891 2496 Remigij
925 2414 1168 2478 Lincolniensis
1198 2415 1346 2498 episcopi
1377 2413 1434 2498 qui

327 2528 406 2581 tunc
434 2527 565 2601 preerat
590 2518 726 2601 dyocesi
755 2515 892 2599 Elyensi
920 2528 955 2581 et
980 2526 1106 2581 cartam
1135 2518 1261 2600 Pagani
1289 2517 1433 2582 Peuerel.

162 2648 251 2699 rm
328 2623 475 2707 Populus
516 2622 622 2686 eciam
664 2622 833 2705 perhibuit
875 2622 1102 2686 testimonium
1141 2625 1183 2688 de
1222 2623 1433 2706 processione

326 2728 561 2791 canonicorum
593 2726 635 2789 de
668 2724 869 2789 Bemewelle
899 2725 1039 2809 singulis
1065 2727 1161 2790 annis
1188 2727 1230 2792 ad
1258 2726 1433 2791 ecclesiam

328 2832 443 2898 Sancti
468 2830 590 2914 Egidij

162 2945 215 2988 The
215 2946 314 3038 ptrue·
392 2936 493 2999 Vnde
519 2933 693 3017 justiciarij
725 2931 932 3017 prefixerunt
962 2935 1051 2999 diem
1080 2935 1182 2998 Priori
1213 2945 1248 2999 et
1278 2936 1434 3000 omnibus

161 2997 304 3148 {gturpieqto
326 3039 557 3104 habitantibus
579 3039 666 3103 ultra
689 3049 827 3122 pontem
851 3059 955 3122 prope
979 3039 1134 3103 Castrum
1155 3038 1198 3104 ad
1220 3039 1430 3104 Scaccarium

161 3158 192 3189 θ*
176 3147 272 3198 ΗΜ
256 3159 307 3190 ¹²0¹
328 3145 431 3227 Regis
447 3163 558 3206 coram
577 3141 761 3206 Baronibus
777 3143 821 3205 de
837 3141 1012 3206 Scaccario
1028 3141 1114 3206 adie
1127 3141 1242 3208 Sancti
1256 3143 1431 3208 Michaelis

326 3249 359 3311 in
380 3259 447 3312 tres
467 3247 672 3331 septimanas
693 3258 753 3310 etc.
800 3246 896 3310 Tunc
918 3247 1011 3311 uenit
1033 3246 1179 3310 Michael
1196 3247 1376 3328 Wolward,
1396 3257 1431 3312 et

326 3372 384 3436 per
418 3361 544 3416 cartam
575 3351 684 3434 sigillo
717 3351 837 3414 Prioris
866 3358 901 3414 et
931 3350 1126 3414 Conuentus
1156 3352 1198 3414 de
1230 3351 1432 3416 Bemewelle

325 3457 489 3539 signatam
507 3455 639 3519 vocauit
656 3455 802 3518 Priorem
819 3454 862 3517 de
879 3453 1079 3518 Bernewelle
1094 3456 1137 3518 ad
1153 3455 1365 3540 war[entum]
1387 3458 1431 3521 de

325 3572 398 3626 toto
419 3569 611 3625 tenemento
632 3559 723 3642 quod
744 3559 847 3622 habet
868 3579 973 3641 prope
993 3558 1166 3623 ecclesiam
1183 3558 1300 3624 Sancti
1316 3559 1430 3644 Egidij
1459 3620 1461 3623 .

325 3665 547 3747 Cantebrigie.
594 3664 640 3727 Et
661 3662 754 3726 Prior
773 3663 911 3728 intrauit
930 3662 972 3727 ad
990 3662 1304 3748 war[antizandum]
1320 3665 1430 3748 ipsum

324 3769 535 3845 Michaelem,
554 3777 588 3830 et
609 3769 715 3831 eciam
736 3767 925 3849 Johannem
949 3765 1133 3847 Portehors,
1153 3767 1196 3832 de
1216 3767 1341 3832 horreis
1361 3771 1431 3833 suis

323 3874 446 3937 ibidem
475 3894 534 3956 pro
561 3871 706 3956 quadam
737 3873 878 3956 pecunie
904 3891 1036 3935 summa
1058 3892 1159 3954 quam
1187 3872 1281 3935 dedit
1311 3873 1430 3938 eidem.

324 3979 420 4042 Tunc
435 3979 540 4042 eciam
558 3978 691 4041 uocauit
703 3975 746 4041 ad
758 3987 940 4041 warentum
953 3975 1155 4061 here[dem]¹
1168 3977 1303 4041 Ricardi
1316 3977 1430 4062 Ampe

323 4087 365 4149 de
385 4103 509 4166 magno
527 4083 626 4146 soli0²
646 4091 679 4146 et
700 4091 773 4146 toto
795 4082 967 4163 mesuagio
988 4082 1079 4163 quod
1100 4091 1151 4145 est
1172 4081 1270 4145 iuxta
1289 4081 1428 4146 domum

372 4235 380 4267 ¹
545 4269 551 4283 ι

372 4235 548 4370 ’ὴΤῖἰοεῆινῗτΒά
565 4319 586 4368 is
603 4317 730 4382 evidently
747 4333 840 4382 wrong.
878 4317 903 4366 It
920 4333 978 4382 may
993 4317 1025 4367 be
1041 4316 1200 4380 conjectured
1217 4316 1271 4366 that
1288 4315 1330 4366 the
1349 4317 1430 4368 scribe

322 4406 442 4456 intended
460 4413 486 4454 to
503 4404 573 4454 write
590 4404 720 4461 solatiari
736 4419 817 4468 upper
833 4417 914 4460 room,
929 4419 945 4452 a
961 4403 1031 4452 word
1048 4402 1131 4452 which
1147 4401 1286 4466 frequently
1300 4416 1387 4451 occurs
1403 4400 1430 4452 in
