3234 5059
358 409 425 460 120
613 385 650 458 T
645 387 691 458 lze
715 395 868 484 outrage
893 397 935 461 ot
965 388 1207 486 Wrggenhall
1336 388 1458 488 [soors

351 593 507 655 magnam
524 573 743 636 hereditatem
765 584 798 637 et
820 574 968 657 amplam
985 575 1093 639 eidem
1109 574 1283 658 capellano
1298 575 1458 651 accidere,

351 677 463 740 statim
485 678 574 760 cepit
597 697 669 740 esse
689 676 850 740 sollicitus
870 678 1014 760 qualiter
1034 680 1144 762 potuit
1164 699 1239 744 eam
1262 679 1294 742 in
1311 679 1457 762 proprie·

350 790 456 845 tatem
477 781 613 846 ecclesie
634 802 692 844 sue
707 792 908 846 conuertere.
957 782 1112 848 Promisit
1128 784 1230 867 igitur
1244 793 1278 848 et
1293 783 1456 847 concessit

350 886 392 950 de
415 906 577 950 consensu
600 894 785 949 conuentus
807 886 857 949 sui
881 885 990 949 eidem
1017 887 1192 969 capellano
1219 887 1287 951 duo
1309 887 1458 951 corredia

350 991 592 1068 canonicorum,
619 998 653 1054 et
683 991 767 1054 duas
798 1010 927 1055 marcas
958 1011 1016 1072 per
1045 1011 1181 1068 annum,
1207 1002 1242 1056 et
1271 992 1456 1075 hospicium

351 1105 545 1178 competens
575 1095 618 1158 ad
649 1115 746 1159 suum
778 1105 986 1178 perpetuum.
1048 1095 1231 1160 Annuente
1262 1118 1340 1161 uero
1367 1097 1458 1160 dicto

351 1201 532 1284 capellano,
548 1201 636 1265 facta
652 1200 714 1265 fuit
730 1201 808 1264 inde
829 1210 921 1264 carta
941 1209 976 1264 et
991 1201 1102 1283 sigillo
1117 1211 1302 1266 conuentus
1317 1204 1458 1284 signata,

351 1316 386 1369 et
394 1314 540 1370 statutus
549 1313 601 1368 est
610 1305 689 1378 dies,
701 1325 769 1387 quo
782 1303 875 1368 Prior
885 1304 1009 1368 ibidem
1020 1306 1193 1370 accederet
1203 1307 1246 1371 ad
1257 1306 1456 1390 capiendum

351 1431 539 1493 seysynam.

189 1542 255 1584 now
264 1542 307 1585 ne
418 1515 568 1578 Recessit
589 1534 668 1577 uero
684 1513 773 1578 idem
789 1512 983 1596 capellanus
998 1522 1032 1578 et
1048 1513 1185 1578 ueniens
1200 1515 1289 1598 apud
1307 1515 1455 1598 Wygen·

187 1593 338 1686 atrapens
352 1617 427 1681 hale
457 1619 525 1681 cito
555 1617 687 1682 detexit
715 1615 891 1680 consilium
927 1638 1024 1681 suum
1054 1619 1098 1681 ad
1134 1617 1264 1700 aliquos
1298 1618 1356 1700 qui
1391 1619 1458 1682 cito

187 1705 314 1793 ffi'lfln
352 1721 500 1785 fecerunt
516 1741 591 1785 eum
615 1730 743 1785 mutare
765 1721 972 1803 propositum
994 1741 1100 1785 suum.
1146 1721 1250 1785 Venit
1271 1741 1350 1804 ergo
1367 1720 1460 1785 Prior

187 1793 339 1838 bowhewau
584 1823 591 1837 .
1137 1823 1144 1837 .
1362 1825 1381 1838 ..

187 1844 329 1938 ffippgry
373 1825 490 1887 olanus
517 1822 713 1887 festinanter
737 1842 797 1905 per
819 1831 941 1886 terram
966 1843 1042 1886 cum
1067 1843 1162 1907 equis
1185 1833 1218 1887 et
1241 1824 1400 1888 hernesns
1424 1833 1458 1888 et

188 1945 323 2040 {pu-,rm
352 1927 479 1991 familia
500 1947 623 2010 magna
643 1928 686 1990 ad
708 1927 906 2008 capiendam
926 1947 1105 2010 seysynam
1127 1927 1170 1990 de
1191 1929 1286 1991 terris
1309 1938 1343 1991 et
1365 1938 1458 1992 tene·

186 2046 339 2140 &¹:¹3⁶
354 2032 474 2094 mentis
501 2050 565 2113 que
592 2029 738 2112 Jacobus
765 2032 957 2114 capellanus
983 2032 1014 2094 ei
1040 2032 1212 2109 concessit,
1243 2042 1277 2095 et
1306 2033 1394 2097 sedit
1424 2035 1457 2097 in

187 2127 323 2240 &3⁹:23⁶
352 2135 454 2198 domo
469 2156 530 2198 sua
546 2136 679 2218 propria
694 2145 770 2219 post
787 2135 965 2219 prandium
987 2157 1063 2200 cum
1080 2137 1194 2201 amicis
1209 2139 1277 2200 suis
1293 2148 1327 2201 et
1343 2138 1459 2201 vicinis

186 2246 330 2341 2352222·
352 2238 501 2301 eiusdem
537 2238 614 2302 ville
654 2239 687 2302 in
724 2239 928 2303 iocunditate
964 2259 1095 2321 magna
1156 2240 1201 2304 Et
1236 2261 1313 2304 ecce
1348 2240 1459 2304 subito

187 2347 268 2399 nieht·
352 2352 515 2406 uenerunt
545 2343 685 2406 ministri
716 2343 844 2407 domini
876 2343 1035 2407 Willelmi
1073 2343 1215 2409 Bardolf
1248 2365 1323 2409 cum
1355 2365 1458 2408 manu

349 2454 487 2523 armata,
513 2456 547 2511 et
574 2448 733 2511 insultum
761 2447 910 2512 fecerunt
936 2450 970 2512 in
999 2448 1144 2512 Priorem
1175 2458 1209 2513 et
1236 2469 1322 2513 suos.
1380 2447 1458 2532 Quo

349 2550 421 2612 uiso
446 2550 537 2614 Prior
559 2561 593 2614 et
616 2571 733 2614 omnes
756 2552 813 2634 qui
838 2572 914 2615 cum
937 2573 978 2615 eo
1001 2551 1148 2626 aderant,
1172 2553 1335 2634 perterriti
1359 2551 1459 2616 ualde

349 2655 513 2738 fugerunt,
544 2656 681 2738 quidam
713 2676 771 2738 per
801 2655 963 2719 fenestras
994 2665 1027 2718 et
1057 2653 1194 2736 quidam
1226 2656 1312 2718 ultra
1343 2675 1458 2718 muros

350 2759 522 2842 fugientes.
563 2758 654 2822 Prior
669 2780 749 2822 uero
764 2757 851 2841 fugit
866 2780 971 2842 usque
987 2757 1030 2822 ad
1047 2759 1222 2823 abbaciam
1239 2759 1282 2822 de
1299 2759 1457 2824 Derham.

351 2863 422 2927 Nec
438 2863 597 2927 remansit
618 2882 703 2925 unus
724 2864 767 2926 de
782 2861 908 2926 familia
926 2863 1055 2939 Prioris,
1070 2862 1138 2939 sed,
1155 2862 1276 2926 relictis
1292 2863 1459 2940 omnibus,

349 2967 463 3049 fugam
500 2987 616 3030 omnes
652 2966 803 3029 inierunt„
865 2966 1034 3030 Intrantes
1064 2987 1143 3030 uero
1173 2967 1253 3030 dicti
1283 2967 1458 3048 predones,

350 3071 490 3134 ministri
522 3070 647 3134 scilicet
676 3070 804 3133 domini
836 3069 996 3133 Willelmi
1030 3069 1175 3145 Bardolf,
1205 3090 1321 3133 omnes
1351 3090 1457 3152 equos

351 3176 470 3238 Prioris
490 3195 575 3259 quos
596 3173 641 3238 ibi
663 3174 862 3237 inuenerunt
882 3194 958 3237 cum
979 3174 1141 3256 hernesijs
1156 3175 1255 3238 ualde
1270 3176 1457 3257 gaudentes

348 3279 571 3354 abduxerunt,
593 3287 739 3360 excepto
762 3297 829 3340 uno
850 3298 938 3361 equo
961 3288 1119 3342 ueterano
1142 3287 1282 3342 tantum.
1329 3278 1375 3343 Et
1395 3278 1457 3344 fuit

349 3403 506 3447 numerus
529 3401 690 3466 equorum
714 3383 878 3445 bonorum
903 3400 987 3465 quos
1009 3385 1223 3448 abduxerunt
1245 3385 1323 3448 .xiii.
1346 3383 1458 3468 Capas

348 3509 428 3552 uero
445 3487 607 3572 pluuiales
628 3487 863 3551 canonicorum
880 3498 1058 3563 sumentes,
1073 3490 1168 3571 quasi
1190 3490 1222 3551 in
1240 3489 1455 3570 obprobrium

348 3594 584 3657 canonicorum
616 3600 650 3655 et
681 3591 815 3667 ordinis,
841 3589 1115 3655 cachinnaciones
1142 3602 1176 3655 et
1206 3594 1351 3656 derisum
1379 3594 1456 3657 inde

349 3701 504 3765 fecerunt.
553 3701 644 3764 Prior
664 3719 744 3762 uero
759 3707 793 3760 et
809 3699 858 3760 sui
875 3717 951 3760 cum
968 3696 1160 3761 confusione
1180 3718 1302 3780 magna
1318 3697 1455 3762 tandem

348 3807 391 3870 ad
423 3807 556 3889 propria
587 3805 763 3877 redierunt,
792 3803 978 3884 dampnum
1005 3803 1215 3880 sustinentes
1246 3811 1279 3866 et
1311 3802 1455 3867 feliciora

348 3921 500 3993 tempora
527 3916 752 3992 expectantes
810 3906 887 3968 Non
915 3907 1004 3968 enim
1031 3915 1163 3987 poterat
1189 3916 1269 3968 tunc
1295 3906 1456 3989 temporis

350 4017 443 4080 Prior
458 4035 517 4097 per
535 4014 659 4077 curiam
678 4013 782 4094 Regis
797 4021 915 4074 contra
930 4010 1161 4074 malefactores
1176 4012 1362 4093 impetrare,
1378 4012 1457 4094 quia

347 4121 495 4183 instabat
517 4129 595 4182 tunc
616 4117 711 4199 quasi
732 4127 866 4197 tempus
886 4134 1010 4196 guerre.
1057 4113 1114 4175 Ab
1135 4112 1192 4175 illo
1208 4132 1287 4176 uero
1303 4122 1456 4196 tempore

348 4227 381 4289 in
398 4224 515 4288 diebus
532 4223 653 4284 nostris
669 4239 735 4282 non
752 4227 846 4282 erant
863 4219 896 4280 in
918 4216 1020 4280 domo
1036 4217 1079 4279 de
1095 4214 1296 4278 Bernewelle
1311 4224 1363 4279 tot
1377 4218 1454 4299 equi

348 4329 426 4392 boni
440 4337 522 4410 quot
533 4336 627 4390 erant
639 4326 728 4408 apud
742 4321 952 4406 Wygenhale
965 4342 1024 4404 per
1035 4321 1160 4383 dictam
1176 4319 1453 4404 depredacionem

347 4433 459 4497 subito
475 4433 595 4496 amissi.
