3234 5059
359 376 432 444 290
527 353 565 425 T
559 363 690 427 emnts
716 352 757 425 in
786 351 1007 449 Cambridge
1031 354 1114 427 and
1132 354 1296 428 Mordeat
1343 352 1461 452 [noos

424 539 603 623 Helewysa
633 540 735 605 lotrix
772 549 864 604 tenet
897 560 998 603 vnum
1034 541 1242 622 mesuagium
1273 538 1317 603 ad
1353 538 1463 601 Dame

359 644 612 721 Nicholishithe,
633 655 667 709 et
690 646 800 708 reddit
824 646 901 708 inde
924 664 1139 727 perannum.

422 749 579 833 [Summa
591 750 696 832 xxij!
708 747 802 831 ,ilij.‘¹;
825 750 967 814 Summa
979 768 1183 813 summarum
1197 744 1304 813 .xxv.¹¹
1315 746 1378 829 .vj.¹
1392 741 1462 827 .xj.‘³

1265 853 1317 916 ob.
1333 849 1462 935 quadr]

425 961 470 1024 Et
490 961 662 1024 sciendum
683 962 847 1043 estquod
870 960 1131 1024 Elemosinarius
1153 970 1187 1023 et
1211 958 1414 1022 Infirmarius
1429 966 1465 1018 et

360 1063 603 1128 Refectorarius
627 1063 752 1129 habent
779 1066 890 1147 plures
918 1065 1066 1128 redditus
1093 1066 1126 1126 in
1149 1063 1227 1127 villa
1251 1060 1464 1141 Cantebrigie

359 1170 402 1233 de
422 1168 542 1252 quibus
566 1168 656 1233 nulla
677 1168 714 1233 fit
737 1171 868 1234 mencio
892 1170 924 1232 in
947 1169 1010 1233 hoc
1033 1168 1212 1245 uolumine,
1227 1168 1306 1250 quia
1327 1167 1390 1249 ipsi
1406 1184 1465 1248 per

304 1340 308 1349 ,
359 1274 485 1356 seipsos
506 1283 540 1336 et
561 1294 619 1356 per
642 1274 824 1338 seruientes
843 1294 920 1338 suos
936 1273 1062 1337 faciunt
1083 1272 1232 1337 redditus
1247 1272 1337 1356 ipsos
1353 1269 1463 1332 leuari.

359 1378 625 1461 Verumptamen
640 1388 749 1442 certus
768 1398 843 1442 sum
859 1378 949 1462 quod
965 1396 1082 1441 omnes
1097 1376 1246 1440 redditus
1261 1375 1465 1459 pertinentes

359 1483 402 1547 ad
440 1502 652 1547 communam
692 1502 758 1545 non
797 1481 944 1566 plenarie
981 1481 1035 1544 hic
1072 1480 1268 1556 scribuntur,
1304 1479 1463 1561 quoniam

359 1588 503 1670 quedam
529 1598 606 1651 sunt
629 1586 736 1671 placie
758 1607 872 1663 uacue‚
894 1587 1039 1669 quedam
1062 1585 1240 1661 submersa,
1262 1595 1296 1647 et
1319 1584 1463 1667 quodam

360 1691 493 1769 incluse,
515 1692 559 1755 de
584 1692 704 1775 quibus
729 1711 787 1774 per
814 1690 936 1753 multos
963 1709 1069 1753 annos
1093 1689 1202 1751 nullus
1229 1688 1291 1752 fuit
1315 1686 1464 1751 redditus

360 1794 497 1860 leuatus.

426 1900 471 1963 Et
488 1908 636 1982 preterea
652 1896 854 1963 Eustachius
871 1896 1034 1979 Dunning
1047 1894 1177 1959 solebat
1193 1893 1332 1958 reddere
1348 1893 1463 1956 decern

359 2006 483 2070 solidos
496 2026 554 2089 per
566 2024 690 2068 annum
701 2024 761 2087 pro
773 2003 890 2085 viginti
904 2003 988 2066 acris
997 2010 1084 2065 terre
1095 2010 1128 2065 et
1138 2000 1269 2064 duabus
1281 1998 1418 2082 shoppis
1430 1998 1464 2061 in

359 2108 439 2186 l0r0,
452 2108 540 2173 vnde
551 2107 692 2172 habetur
703 2106 792 2170 bona
807 2115 907 2170 carta
939 2105 1100 2171 Similiter
1111 2104 1267 2168 dominus
1281 2101 1465 2187 Phylippus

359 2212 402 2277 de
425 2209 537 2277 Insula
560 2210 689 2275 solebat
712 2210 851 2275 reddere
870 2211 988 2293 viginti
1009 2209 1163 2273 denarios
1182 2228 1241 2293 per
1262 2228 1387 2272 annum
1404 2227 1465 2290 pro

359 2315 515 2381 domibus
539 2315 678 2379 Roberti
703 2314 837 2379 Seman.
885 2314 970 2378 ltem
996 2315 1167 2397 Johannes
1194 2313 1225 2376 le
1253 2312 1324 2377 Rus
1348 2312 1465 2395 viginti

359 2432 437 2487 octo
459 2421 583 2485 solidos
605 2420 659 2504 .xj.
683 2420 837 2484 denarios
860 2440 919 2504 per
943 2440 1078 2483 annum.
1217 2405 1241 2435 ²

426 2527 471 2591 Et
487 2526 597 2610 plures
612 2525 667 2608 alij
685 2525 838 2591 solebant
854 2524 1002 2591 redditus
1018 2524 1130 2608 plures
1145 2524 1282 2587 reddere
1293 2522 1350 2605 qui
1363 2523 1467 2585 modo

360 2630 607 2705 subtrahuntur,
622 2639 655 2693 et
671 2629 746 2694 ideo
762 2629 897 2694 hicnon
914 2630 1109 2693 scribuntur.

605 2934 651 2983 12.
696 2915 856 2985 Mordent
876 2915 1038 2999 (Guilden
1063 2915 1229 2997 Morden).

268 3102 348 3167 5164
428 3089 489 3154 Isti
526 3099 603 3154 sunt
641 3090 733 3154 liberi
770 3097 924 3153 tenentes
963 3088 1083 3152 Prioris
1120 3098 1154 3152 et
1191 3086 1386 3151 Conuentus
1423 3087 1468 3150 de

363 3211 572 3277 Bernewelle.
620 3211 659 3275 ln
684 3210 866 3276 Mordone:

425 3366 614 3433 Willelmus
635 3365 721 3430 filius
741 3365 905 3448 Johannis
926 3368 970 3431 de
990 3368 1081 3432 Cauz
1102 3375 1194 3430 tenet
1209 3364 1357 3448 quinque
1373 3384 1468 3428 acras

359 3483 445 3538 terre
466 3471 509 3537 de
532 3470 631 3537 feodo
655 3471 742 3535 Petri
764 3470 808 3535 de
831 3470 941 3535 Beche
964 3490 1024 3552 per
1046 3470 1240 3551 homagium
1267 3478 1302 3532 et
1325 3467 1385 3532 dat
1409 3487 1469 3550 per

360 3597 483 3643 annum
508 3576 650 3659 ,xviij.d.,
672 3585 705 3640 et
728 3586 865 3651 sectam,
887 3584 921 3639 et
944 3574 1141 3657 scutagium.

426 3680 627 3746 Edmundus
648 3680 841 3763 capellanus
860 3689 953 3744 tenet
973 3682 1017 3743 de
1032 3676 1202 3743 Willelmo
1219 3676 1351 3741 Knotes
1366 3696 1467 3739 vnam

360 3806 471 3852 acram
487 3797 573 3852 terre
588 3788 632 3851 de
646 3785 745 3851 feodo
763 3785 919 3867 Hugonis
931 3787 974 3849 de
986 3784 1097 3848 Broke
1111 3794 1146 3847 et
1157 3780 1347 3845 Willelmus
1359 3782 1468 3846 reddit

360 3891 439 3956 inde
453 3912 514 3974 per
527 3911 651 3956 annum
669 3890 709 3972 .ij.
726 3889 860 3954 solidos.

425 3994 613 4059 Willelmus
644 3993 794 4059 Osebem
825 4002 919 4057 tenet
948 3991 992 4056 de
1015 3990 1186 4055 Willelmo
1213 3991 1343 4055 Knotte
1366 4011 1468 4054 vnam

359 4098 534 4165 dimidiam
565 4117 676 4162 acram
706 4107 792 4162 terre
823 4097 866 4160 de
897 4096 995 4159 feodo
1028 4095 1184 4177 Hugonis
1213 4095 1256 4158 de
1287 4094 1404 4171 Broke‚
1434 4104 1469 4157 et

360 4203 549 4269 Willelmus
573 4204 682 4268 reddit
706 4203 783 4267 inde
806 4222 866 4285 per
888 4219 1015 4265 annum
1038 4200 1137 4282 .xij.d.

426 4307 596 4373 Galsridus
612 4306 775 4371 Nekebon
792 4315 886 4370 tenet
897 4324 998 4369 vnam
1014 4314 1227 4407 acramJerre
1243 4312 1276 4367 et
1292 4302 1468 4366 dimidiam

360 4422 394 4475 et
410 4412 520 4480 reddit
535 4411 613 4475 inde
628 4431 687 4493 per
702 4428 828 4473 annum
845 4407 928 4490 .iij.d.
