3234 5059
176 380 270 481 vir]
622 380 839 457 (lamberton
932 393 935 397 “
1209 400 1281 468 299

240 567 428 633 Wilielmus
444 568 581 633 Godard
597 578 689 632 tenet
704 568 788 631 duas
804 587 898 631 acras
913 575 999 631 terre
1014 566 1056 629 ad
1073 565 1282 629 voluntatem

179 672 309 749 Prioris,
324 681 358 736 et
373 672 483 735 reddit
499 672 576 734 inde
592 692 650 755 per
666 690 791 734 annum
807 670 848 752 ‚ij.
865 668 997 733 solidos.

240 776 439 841 Alexander
467 775 605 839 clericus
634 783 727 840 tenet
763 773 939 838 dimidiam
976 792 1087 837 acram
1125 781 1211 836 terre
1240 771 1283 835 ad

176 880 383 947 voluntatem
402 882 531 958 Primis,
547 890 580 945 et
603 881 712 945 reddit
729 880 806 944 inde
823 899 1022 962 perannum
1038 877 1105 961 xij.
1121 877 1284 941 denarios.

243 985 379 1069 Agneta
395 985 504 1049 Wake
516 993 608 1049 tenet
619 984 790 1067 quoddam
803 982 953 1047 clausum
965 991 999 1046 et
1010 1002 1111 1047 vnam
1123 982 1283 1046 selionem

176 1101 263 1156 terre
292 1092 334 1155 ad
364 1090 573 1155 voluntatem
605 1090 735 1165 Prioris,
764 1097 798 1153 et
829 1088 938 1153 reddit
969 1088 1047 1152 inde
1077 1105 1284 1171 perannum

178 1194 219 1277 ij.
241 1193 375 1259 solidos.

245 1299 374 1381 Symon
398 1297 569 1361 Bercarius
585 1305 677 1361 tenet
692 1296 776 1360 duas
792 1316 886 1360 acras
902 1305 987 1361 terre
1002 1306 1037 1360 et
1051 1294 1226 1359 dimidiam
1242 1295 1285 1358 ad

178 1402 386 1466 voluntatem
416 1400 546 1476 Primis,
570 1408 604 1464 et
627 1399 737 1463 reddit
766 1399 845 1462 inde
871 1419 1081 1481 perannum
1110 1398 1285 1462 dimidiam

181 1526 335 1570 marcam.

247 1608 412 1673 Henricus
433 1607 477 1671 de
497 1609 632 1671 Brunne
646 1616 737 1672 tenet
753 1607 837 1671 duas
853 1628 946 1671 acras
961 1618 1048 1672 terre
1062 1617 1097 1672 et
1112 1608 1286 1671 dimidiam

180 1734 239 1796 per
254 1722 389 1787 cartam,
405 1721 439 1775 et
459 1711 568 1775 reddit
585 1710 662 1775 inde
677 1730 736 1793 per
751 1730 877 1774 annum
893 1710 946 1793 iij.
960 1709 1087 1775 solidos
1104 1710 1160 1793 [ad
1175 1710 1287 1775 termi-

180 1837 261 1881 num
277 1814 368 1898 uite].
917 1814 1057 1879 Summa
1073 1813 1166 1897 ,xxii
1181 1815 1287 1878 solidi.

446 2152 491 2213 19.
538 2132 765 2216 [Cumbertone
780 2106 1027 2216 '(c0mberton).]

247 2284 307 2347 Isti
323 2293 401 2347 sunt
417 2282 518 2347 libere
533 2291 685 2347 tenentes
698 2284 819 2349 Prioris
831 2287 874 2350 de
890 2286 1092 2351 Bemewelle
1103 2286 1136 2350 in
1152 2285 1231 2350 villa
1246 2286 1289 2349 de

181 2405 408 2471 Cumbertone
420 2430 427 2469 :

247 2551 414 2615 Dominus
435 2550 605 2617 Galiridus
621 2552 663 2617 de
683 2553 849 2637 Burdeley
864 2564 957 2620 tenet
971 2575 1074 2620 vnum
1090 2555 1238 2621 clausurn
1254 2564 1289 2619 et

182 2656 291 2720 reddit
307 2656 384 2720 inde
400 2676 598 2737 perannum
615 2658 743 2740 .xxviij.
758 2659 921 2723 denarios.

246 2758 434 2824 Wiilelmus
451 2759 482 2824 ie
498 2761 666 2843 Franceys
678 2770 769 2826 tenet
782 2783 905 2827 nouem
921 2786 1014 2829 acras
1030 2774 1115 2829 terre
1130 2774 1165 2829 et
1180 2764 1289 2830 reddit

249 2966 358 3031 Alicia
383 2966 452 3031 filia
477 2967 631 3031 Nicholai
657 2970 700 3032 ad
725 2967 911 3033 Ecclesiam
934 2980 1026 3035 tenet
1048 2990 1148 3035 vnam
1172 2971 1288 3034 rodam

182 3080 268 3135 terre
290 3081 324 3135 et
347 3070 456 3135 reddit
480 3072 558 3137 inde
581 3092 787 3154 perannum
812 3074 863 3157 .vj.
886 3075 1048 3140 denarios.
1302 3076 1320 3123 s·
1336 3075 1405 3124 ¹⁶⁸b

247 3175 418 3257 Johannes
440 3175 595 3258 Lambyn
618 3185 710 3242 tenet
726 3198 828 3243 vnum
851 3180 1001 3245 clausum
1024 3191 1058 3245 et
1081 3181 1189 3245 reddit
1212 3180 1289 3245 inde

184 3300 242 3363 per
264 3299 389 3343 annum
412 3278 481 3360 .xij.
505 3280 667 3344 denarios.

249 3383 448 3447 Lambertus
473 3382 503 3447 le
527 3384 679 3467 Coupere
702 3395 794 3451 tenet
817 3407 919 3451 vnum
943 3388 1101 3465 clausum,
1123 3398 1159 3453 et
1181 3389 1289 3454 reddit

184 3488 261 3551 inde
283 3507 490 3570 perannum
513 3487 594 3569 ‚xiij.
617 3487 779 3553 denarios.

249 3593 415 3657 Dominus
438 3592 579 3657 vicarius
602 3602 694 3657 tenet
716 3614 819 3658 vnum
842 3594 1001 3674 clausum,
1023 3608 1058 3661 et
1080 3598 1190 3663 reddit
1213 3598 1290 3663 inde

184 3718 243 3781 per
264 3717 389 3762 annum
414 3698 639 3781 receptoribus
662 3698 691 3781 .j.
715 3719 871 3765 marcam.

248 3802 418 3884 Johannes
439 3803 481 3866 ad
505 3802 690 3866 Ecclesiam
712 3811 805 3867 tenet
826 3804 1000 3869 dimidiam
1015 3807 1179 3890 virgatam
1195 3817 1290 3883 terre,

184 3916 218 3970 et
234 3905 341 3969 reddit
358 3906 435 3969 inde
450 3927 649 3988 perannum
667 3906 717 3988 .vj.
733 3905 859 3970 solidos
874 3919 908 3972 et
923 3909 973 3991 .vj.
990 3911 1150 3976 denarios.

250 4008 420 4092 Johannes
437 4011 550 4093 Roger
564 4020 656 4075 tenet
668 4032 768 4075 vnam
785 4033 896 4077 acram
912 4025 946 4078 et
961 4014 1135 4080 dimidiam
1152 4029 1247 4094 terre,
1257 4029 1291 4083 et

187 4114 296 4180 reddit
326 4115 404 4178 inde
428 4135 487 4198 per
514 4136 639 4179 annum
670 4116 722 4198 .iij.
754 4117 889 4194 solidos
918 4129 952 4182 et
978 4140 1078 4183 vnam
1110 4124 1291 4206 precariam

186 4221 219 4284 in
243 4228 430 4301 autumpno
452 4220 495 4284 de
517 4220 648 4284 duobus
671 4220 863 4285 hominibus
887 4224 929 4286 ad
961 4224 1071 4288 cibum
1097 4228 1233 4305 domini,
1259 4238 1293 4294 et

186 4327 271 4390 duos
293 4344 439 4407 capones
462 4324 504 4388 ad
530 4324 653 4389 Natale
677 4326 822 4389 Domini.

253 4426 459 4511 Reginaldus
497 4429 588 4511 Pope
624 4438 716 4493 tenet
754 4450 856 4493 vnum
895 4431 1043 4496 clausum
1081 4455 1156 4500 cum
1187 4439 1294 4504 crofta
