3234 5059
185 536 283 630 ὣειῖτὲξ
291 588 314 631 le

186 639 259 681 hom.

191 1551 264 1593 Prior.

354 345 423 430 164
558 439 560 444 ι
638 337 730 412 Case
756 339 804 433 of
828 339 974 411 Walter
997 340 1032 411 le
1056 338 1169 412 Lord
1330 337 1451 437 [Boou

349 532 474 590 Odierne
492 543 595 588 terram
614 533 691 588 illam
710 534 800 590 tenuit
820 535 856 589 de
873 551 907 589 eo
924 552 975 606 per
990 535 1141 591 seruicium
1157 535 1285 591 militare.
1324 537 1361 591 Et
1378 535 1453 591 vnde

348 622 416 677 dicit
441 622 517 692 quod
542 621 685 693 predictus
709 623 837 677 Thomas
862 623 952 678 tenuit
973 623 1010 679 de
1030 640 1066 679 eo
1086 623 1243 695 predictam
1264 623 1383 680 terram¹
1404 640 1454 694 per

349 711 499 766 seruicium
516 709 643 776 militare,
658 709 764 765 scilicet
781 727 832 781 per
847 711 1012 781 homagium
1026 721 1054 766 et
1067 712 1217 767 seruicium
1230 711 1314 766 trium
1326 711 1453 766 denario-

349 817 420 866 rum,
434 799 471 854 ad
488 799 646 868 scutagium
659 799 715 853 .xl.
731 799 885 854 solidorum
903 799 1017 871 quando
1029 799 1164 867 euenerit,
1177 809 1204 854 et
1218 800 1254 854 ad
1267 801 1329 870 plus
1342 800 1414 869 plus,
1426 808 1454 853 et

350 888 387 942 ad
407 887 502 942 minus
523 887 635 953 minus;
660 896 688 942 et
710 904 760 958 per
781 888 930 943 seruitium
952 889 1051 942 decern
1072 898 1100 943 et
1121 897 1185 942 octo
1206 889 1387 943 denariorum
1405 903 1455 957 per

350 991 464 1043 annum,
477 985 506 1029 et
523 975 559 1030 de
576 974 678 1045 quibus
694 974 821 1044 seruicijs
839 975 914 1030 idem
927 976 1070 1031 Walterus
1086 975 1138 1030 fuit
1150 974 1264 1030 seisitus
1275 991 1326 1045 per
1338 991 1454 1029 manum

350 1063 469 1133 predicti
479 1062 590 1116 Thome
600 1071 630 1118 ut
640 1061 675 1117 de
685 1063 768 1118 feodo
778 1072 807 1118 et
817 1061 903 1134 jure¹.
938 1065 976 1118 Et
986 1064 1062 1119 idern
1074 1064 1202 1119 Thomas
1216 1063 1244 1118 in
1256 1063 1390 1132 homagio
1402 1079 1454 1117 suo

350 1151 429 1220 obiit,
446 1161 473 1205 et
491 1168 526 1207 ea
545 1150 658 1206 racione
677 1149 769 1223 [dicit]
787 1151 947 1208 custodiam
964 1152 1155 1223 predictorum
1174 1163 1400 1207 tenementorum
1417 1150 1454 1206 ad

351 1237 442 1309 ipsum
460 1238 606 1309 pertinere.
644 1241 727 1294 Vnde
744 1239 906 1310 dicitquod
924 1257 973 1310 per
990 1241 1044 1294 hoc
1056 1240 1133 1309 quod
1144 1238 1287 1310 predictus
1303 1239 1382 1293 Prior
1393 1256 1454 1309 pre-

351 1327 457 1381 dictam
470 1326 629 1383 custodiam
642 1328 667 1382 ei
678 1327 845 1383 deforciauit
858 1328 1044 1383 deterioratus
1056 1339 1099 1383 est
1112 1338 1140 1382 et
1152 1327 1307 1396 dampnum
1321 1327 1408 1382 habet
1418 1326 1454 1381 ad

350 1413 507 1469 valenciam
527 1431 574 1469 .c.
594 1416 756 1482 solidorum,
776 1426 804 1469 et
823 1415 889 1470 inde
907 1415 1037 1484 producit
1056 1425 1163 1470 sectam
1182 1425 1235 1470 etc.

190 1500 287 1544 Pteeot
295 1500 337 1542 the
405 1503 443 1557 Et
466 1501 546 1556 Prior
566 1503 643 1557 uenit
662 1513 691 1558 et
709 1502 837 1558 defendit
854 1502 912 1557 vim
930 1513 960 1559 et
978 1501 1108 1557 iniuriam
1126 1502 1241 1575 quando
1259 1512 1322 1569 etc,
1340 1513 1369 1556 et
1386 1501 1456 1554 dicit

351 1587 426 1658 quod
451 1588 512 1659 ipse
537 1598 613 1644 tenet
637 1589 794 1660 predictam
819 1589 1011 1655 medietatem,
1034 1589 1113 1644 cuius
1134 1590 1293 1644 custodiam
1314 1589 1456 1661 predictus

351 1677 495 1731 Walterus
517 1677 594 1747 petit,
608 1686 639 1731 ut
660 1679 706 1748 jus
728 1679 847 1734 ecclesie
869 1695 926 1744 sue,
945 1679 1021 1734 vnde
1042 1679 1112 1749 petit
1134 1678 1271 1748 judicium
1292 1678 1317 1732 si
1336 1677 1373 1732 de
1394 1678 1457 1748 jure

351 1764 471 1820 ecclesie
493 1781 543 1818 sue
564 1765 691 1834 predicto
710 1763 862 1837 W[altero]
882 1765 920 1820 ad
942 1767 1028 1820 breue
1048 1765 1125 1821 istud
1148 1766 1183 1820 de
1205 1766 1334 1821 custodia
1353 1765 1456 1820 debeat

351 1852 521 1922 respondere
540 1862 592 1907 etc.

405 1941 443 1995 Et
464 1940 605 1995 Walterus
625 1940 693 1995 dicit
713 1941 788 2012 quod
809 1941 952 2012 predictus
973 1943 1100 1997 Thomas
1122 1943 1211 1997 tenuit
1232 1940 1359 2012 predicta
1380 1952 1456 1995 tene·

352 2039 449 2084 menta
473 2028 508 2082 de
532 2045 567 2083 eo
591 2045 641 2100 per
665 2029 816 2083 seruicium
841 2029 970 2096 militare,
994 2039 1023 2085 et
1047 2031 1117 2099 obijt
1142 2029 1262 2098 seysitus
1287 2029 1324 2083 de
1349 2028 1456 2083 eisdem

255 2119 261 2130 '
352 2116 521 2173 tenementis
538 2119 567 2172 in
584 2117 718 2187 homagio
734 2126 762 2171 et
775 2118 895 2172 seruicio
907 2135 966 2173 suo.
1006 2120 1042 2172 Et
1055 2119 1110 2172 hoc
1122 2127 1238 2189 paratus
1250 2127 1293 2171 est
1305 2116 1457 2182 verificare,

192 3010 324 3062 Rejolnder

352 2205 424 2260 sicut
434 2205 512 2260 curia
522 2204 773 2278 consideraverit}
784 2218 812 2262 et
821 2224 858 2262 ea
867 2207 980 2262 racione
989 2207 1116 2278 predicta
1129 2207 1258 2262 custodia
1267 2206 1457 2275 predictorum

352 2303 577 2350 tenementorum
598 2296 634 2350 ad
657 2295 748 2367 ipsum
767 2297 907 2366 pertinere
925 2297 1017 2352 debet.
1056 2297 1094 2350 Et
1112 2295 1255 2365 predictus
1275 2295 1353 2350 Prior
1371 2293 1458 2349 nichil

352 2383 421 2437 dicit
438 2384 514 2454 quod
532 2383 567 2436 sit
584 2384 755 2439 contrarium
772 2383 879 2438 racioni
892 2400 943 2438 sue
955 2400 1005 2454 per
1017 2401 1103 2455 quam
1117 2383 1177 2454 ipse
1189 2384 1290 2439 asserit
1301 2383 1457 2453 predictam

353 2470 512 2526 custodiam
528 2471 565 2524 ad
581 2471 675 2541 ipsum
690 2472 839 2542 pertinere,
852 2488 918 2526 curn
930 2471 1007 2526 racio
1022 2470 1126 2525 Prioris
1139 2471 1175 2525 sit
1187 2471 1249 2537 hec,
1263 2471 1369 2526 scilicet
1382 2469 1458 2541 quod

353 2557 480 2628 predicta
496 2567 658 2612 tenementa
676 2575 749 2612 nunc
763 2568 829 2611 sunt
844 2557 891 2626 jus
903 2557 1023 2614 ecclesie
1036 2575 1093 2627 sue,
1106 2569 1135 2612 et
1147 2558 1223 2612 racio
1236 2558 1326 2628 ipsius
1340 2556 1458 2612 Walteri

353 2644 388 2700 sit
413 2645 489 2716 quod
510 2645 653 2715 predictus
675 2645 811 2714 Thomas,
835 2645 881 2700 die
903 2663 959 2717 quo
980 2647 1032 2700 fuit
1052 2645 1135 2700 uiuus
1157 2655 1186 2699 et
1210 2654 1346 2711 mortuus,
1367 2645 1459 2698 tenuit

352 2733 479 2804 predicta
498 2742 660 2787 tenementa
678 2733 714 2787 de
732 2750 767 2788 eo
786 2750 837 2804 per
854 2733 1003 2788 seruicium
1022 2732 1151 2787 militare.
1190 2733 1312 2786 Possunt
1330 2730 1414 2785 simul
1431 2738 1459 2784 et

353 2822 441 2876 semel
453 2837 516 2876 esse
529 2838 602 2875 uere.
634 2821 708 2876 Petit
716 2819 854 2891 judicium
868 2821 904 2875 de
917 2821 979 2891 ipso
994 2820 1089 2874 Priore
1100 2829 1247 2889 tamquam
1257 2820 1293 2873 de
1303 2818 1458 2884 indefenso,

352 2925 418 2962 cum
431 2908 516 2963 nichil
529 2909 702 2962 contrarium
715 2909 808 2964 breuis
821 2919 850 2964 et
862 2908 1037 2964 narracionis
1050 2925 1100 2964 sue
1112 2908 1216 2977 allegat
1229 2917 1281 2962 etc

406 2998 444 3051 Et
459 2997 538 3051 Prior
550 2996 622 3052 sicut
635 2997 711 3068 prius
724 2997 881 3068 dicitquod
893 2996 1019 3067 predicta
1032 3004 1195 3051 tenementa
1207 3009 1272 3050 sunt
1281 2995 1328 3065 jus
1341 2995 1460 3051 ecclesie

354 3101 411 3140 sue.
450 3085 528 3138 Dicit
545 3084 636 3138 eciam
653 3085 729 3155 quod
746 3083 888 3155 predictus
904 3085 1039 3152 Th0mas,
1057 3099 1141 3155 quem
1160 3083 1303 3152 predictus
1318 3083 1460 3138 Walterus

354 3171 422 3227 dicit
443 3171 570 3243 predicta
587 3181 751 3228 tenementa
767 3173 891 3226 tenuisse
908 3173 944 3226 de
962 3189 997 3226 eo
1014 3173 1061 3226 die
1079 3187 1135 3241 quo
1154 3169 1224 3225 obiit
1242 3187 1292 3240 per
1309 3169 1459 3224 seruicium

354 3258 483 3325 militare,
497 3257 547 3311 luit
559 3258 680 3312 villanus
698 3275 772 3328 suus,
786 3267 814 3312 et
827 3269 987 3312 tenementa
999 3257 1048 3311 illa
1060 3259 1097 3312 de
1109 3275 1144 3312 eo
1157 3255 1245 3311 tenuit
1258 3257 1288 3310 in
1300 3254 1460 3325 villanagio‚

354 3356 381 3401 et
405 3347 482 3417 quod
506 3347 621 3416 quidam
645 3347 805 3417 Johannes³
829 3346 902 3401 filius
928 3345 1046 3417 predicti
1071 3346 1183 3400 Thome
1209 3362 1293 3416 quem
1318 3344 1461 3414 predictus

355 3436 496 3490 Walterus
521 3435 589 3490 dicit
614 3451 677 3489 esse
705 3433 839 3488 heredem
866 3433 992 3488 eiusdem
1016 3434 1128 3489 Thome
1152 3443 1181 3488 et
1206 3433 1319 3488 racione
1343 3433 1460 3487 minoris

354 3523 482 3579 eiusdem
498 3523 582 3578 etatis
598 3523 754 3593 predictam
773 3523 932 3577 custodiam
948 3521 986 3576 ad
1005 3521 1097 3592 ipsum
1116 3519 1264 3604 minere,
1282 3531 1324 3574 est
1340 3521 1460 3574 villanus

354 3628 428 3666 suus.
467 3613 506 3665 Et
526 3611 581 3665 hoc
602 3618 718 3679 paratus
743 3618 785 3664 est
808 3609 951 3664 verificare
971 3619 1026 3663 etc.
1048 3607 1135 3662 sicut⁴
1155 3606 1297 3677 predictus
1318 3607 1466 3661 Walterus*

354 3698 423 3755 illud
440 3699 589 3752 admittere
603 3697 700 3767 possit.
738 3697 822 3751 Vnde
840 3713 905 3751 cum
923 3695 1067 3766 predictus
1084 3695 1211 3749 Thomas
1228 3694 1318 3748 tenuit
1334 3692 1461 3764 predicta

355 3795 517 3842 tenementa
533 3785 568 3838 de
586 3801 619 3838 eo
636 3784 665 3837 in
678 3783 838 3853 villanagio,
857 3794 886 3838 et
903 3780 1085 3851 villanagium
1098 3782 1174 3852 quod
1186 3781 1307 3835 villanus
1324 3790 1401 3835 tenet
1416 3790 1461 3835 est

352 3873 399 3942 jus
417 3870 524 3926 domini
543 3871 595 3940 sui,
614 3881 641 3925 et
659 3870 700 3925 sic
717 3869 843 3940 predicta
859 3877 1023 3924 tenementa
1040 3877 1105 3922 sunt
1120 3866 1167 3936 jus
1184 3867 1303 3922 ecclesie
1319 3883 1377 3934 sue,
1391 3867 1461 3937 petit

352 3958 490 4030 judicium
508 3959 532 4012 si
544 3958 646 4013 debeat
664 3957 689 4012 ei
707 3957 743 4012 de
759 3955 894 4028 predictis
911 3955 1080 4011 tenementis
1092 3955 1167 4009 vnde
1183 3964 1228 4009 est
1246 3954 1367 4024 seysitus
1379 3965 1408 4009 vt
1425 3956 1461 4008 de

352 4047 416 4119 jure
434 4046 554 4103 ecclesie
573 4061 622 4100 sue
643 4045 681 4100 ad
700 4047 786 4100 breue
804 4061 888 4100 suum
909 4044 946 4099 de
966 4043 1097 4099 custodia
1118 4042 1290 4112 respondere
1313 4060 1364 4114 per
1384 4043 1460 4114 quod

502 4221 511 4252 ¹
529 4223 641 4288 predicte
651 4231 724 4284 terra,
739 4223 796 4273 MS.
833 4222 890 4273 'ste
900 4222 949 4272 roll
961 4221 1033 4273 reads
1044 4221 1158 4287 predicta
1168 4229 1320 4271 tenementa.

502 4304 513 4337 ³
529 4322 598 4372 pure,
613 4305 670 4358 MS.

500 4389 512 4421 ⁸
528 4390 590 4440 This
601 4405 674 4440 narne
686 4405 772 4440 occurs
782 4389 808 4439 in
821 4389 864 4439 the
875 4389 931 4438 roll.
1128 4385 1139 4418 ⁴
1155 4386 1265 4444 si...hoc,
1281 4385 1338 4435 Ms.
