3234 5059
367 392 415 464 34
708 370 878 445 Election
904 372 952 468 os
965 371 991 444 'a
1017 370 1140 445 Prior

366 556 526 628 specialiter
550 556 686 628 deputato
711 558 881 611 mandamus
906 566 934 611 et
959 556 1163 613 committimus
1182 557 1315 629 quatinus
1337 556 1407 612 cites
1429 572 1477 611 seu

367 644 447 700 citari
459 645 548 700 facias
560 655 588 701 et
601 662 718 701 moneas
731 645 919 717 peremptorie
934 648 970 699 N.
981 647 1018 701 N.
1031 645 1201 701 confratrem
1214 654 1241 701 et
1255 645 1477 700 concanonicum

367 743 494 788 nostrum
505 744 534 789 vt
543 733 653 789 intersit
666 733 816 788 nobiscum
829 733 858 787 in
871 734 994 801 capitulo
1004 742 1102 789 nostro
1111 732 1251 803 prioratus
1261 732 1296 787 de
1308 730 1477 787 Bernewelle

366 837 467 891 perse
488 822 533 875 vel
554 837 605 891 per
626 830 835 891 procuratorem
855 837 937 875 suum
957 821 993 875 N.
1013 821 1059 875 die
1077 821 1185 875 mensis
1206 822 1241 874 N.
1262 820 1298 873 ad
1317 818 1477 889 eligendum

367 908 516 963 nobiscum
525 909 669 963 Pastorem
680 918 708 964 et
718 909 843 964 Priorem
852 889 990 973 futurum
1004 925 1088 980 quem
1099 908 1249 963 terminum
1259 908 1477 978 peremptorium

367 994 422 1050 sibi
439 995 619 1067 assignamus
634 1006 750 1068 propter
761 996 870 1051 viarum
884 996 1057 1063 discrimina,
1069 997 1228 1051 animarum
1241 995 1366 1067 pericula
1380 996 1477 1065 damp-

367 1100 461 1154 naque
469 1081 547 1155 [que]
555 1084 719 1153 contingere
726 1086 818 1138 solent
825 1094 953 1155 tempore
961 1084 1121 1139 vacacionis
1129 1084 1263 1139 euitanda
1270 1094 1298 1140 et
1307 1084 1344 1138 ad
1352 1084 1477 1139 dandum

368 1171 450 1226 nobis
467 1172 618 1226 consilium
634 1174 757 1228 salutare
774 1172 802 1227 in
820 1182 879 1227 tam
896 1172 985 1227 arduo
1001 1172 1134 1243 negocio;
1154 1183 1238 1243 atque
1257 1182 1284 1227 te
1303 1182 1400 1227 tenore
1419 1188 1479 1243 pre-

368 1258 495 1313 sencium
515 1258 636 1313 citamus
656 1268 684 1313 et
703 1276 853 1314 monemus
874 1268 903 1313 vt
925 1258 971 1313 dic
993 1258 1120 1328 predicto
1140 1258 1288 1313 nobiscum
1311 1257 1422 1314 intersis
1442 1259 1476 1313 ad

368 1346 530 1417 eligendum
538 1356 566 1401 et
573 1346 721 1403 consilium
729 1347 855 1402 dandum
866 1358 1015 1417 ceteraque
1024 1345 1155 1401 facienda
1162 1346 1392 1417 expediendaque
1400 1344 1478 1419 [que]

368 1434 398 1487 in
410 1433 465 1487 hoc
478 1434 598 1504 negocio
611 1445 675 1489 sunt
688 1434 848 1489 necessaria
861 1445 889 1489 et
906 1444 1045 1503 oportuna
1058 1445 1085 1491 ct
1098 1433 1166 1505 quid
1181 1434 1280 1489 seceris
1292 1434 1321 1487 in
1334 1434 1478 1505 premissis

368 1538 421 1575 nos
443 1521 528 1576 dictis
550 1522 596 1576 die
617 1531 646 1575 et
668 1524 730 1577 loco
752 1523 805 1577 sub
830 1522 923 1591 sigillo
947 1521 1090 1577 autentico
1110 1523 1155 1576 vel
1177 1522 1240 1577 viue
1264 1522 1341 1577 vocis
1365 1523 1478 1579 oraculo

369 1608 524 1664 certificare
536 1626 624 1666 cures.
662 1612 770 1665 Datum
786 1611 840 1665 sub
852 1610 944 1680 sigillo
960 1613 996 1665 N.
1010 1612 1098 1667 nostri
1113 1613 1150 1667 N.
1164 1612 1209 1667 dic
1222 1611 1329 1667 mensis
1343 1612 1381 1666 N.
1393 1614 1478 1667 Anno

369 1695 478 1751 domini
490 1696 641 1752 millesimo
653 1698 932 1768 quadringentesimo
944 1696 1021 1769 etc.¹]

695 1860 705 1894 ¹
722 1862 754 1913 In
765 1879 781 1912 c
791 1863 860 1913 hond
871 1863 900 1914 of
908 1864 951 1915 the
965 1865 1023 1927 15th
1034 1873 1145 1931 century.
