3234 5059
180 361 254 460 vn]
540 364 702 437 Tenants
728 361 769 433 in
795 360 930 433 Bourn
1214 379 1259 446 ²9
1264 376 1283 449 5

246 550 412 614 Henricus
441 550 483 613 de
515 548 712 633 Knapwelle
738 555 831 612 tenet
858 545 1028 629 quoddam
1053 544 1203 607 clausum
1227 564 1287 627 per

177 662 312 731 cartam,
336 664 438 738 atque
460 655 569 718 reddit
592 654 669 718 inde
692 674 751 736 per
774 671 899 715 annum
924 648 1028 732 ¹xxvj.
1051 647 1213 712 denarios.

196 756 197 759 ’
245 760 360 823 Petrus
376 760 407 823 le
424 761 573 843 Engleys
594 769 686 824 tenet
701 760 850 841 quinque
865 777 958 820 acras
974 765 1060 820 terre
1076 774 1136 837 per
1149 762 1284 828 cartam,

178 872 212 927 et
226 862 336 927 reddit
351 864 429 930 inde
444 864 484 947 .ij.
499 864 633 929 solidos.

241 967 411 1050 Johannes
429 969 525 1033 Bette
544 978 636 1033 tenet
651 966 823 1052 quoddam
845 965 995 1031 clausum
1017 984 1077 1047 per
1094 971 1232 1039 cartam,
1251 971 1287 1026 et

178 1070 287 1136 reddit
303 1072 381 1136 inde
397 1094 455 1157 per
470 1091 596 1137 annum
612 1072 665 1153 .iij.
681 1072 816 1136 solidos.

245 1177 410 1241 Henricus
435 1178 477 1241 ad
509 1185 645 1261 pontem
671 1186 764 1240 tenet
793 1173 969 1239 dimidiam
997 1192 1108 1236 acram
1133 1182 1219 1237 terre
1242 1173 1286 1237 ad

177 1281 383 1345 voluntatem
402 1281 531 1357 Primis,
546 1292 580 1345 et
598 1279 707 1343 reddit
724 1280 802 1343 inde
818 1299 877 1362 per
891 1297 1017 1342 annum
1033 1277 1110 1341 .xvi.
1125 1276 1288 1341 denarios.

243 1386 379 1469 Agneta
403 1385 591 1469 Wythbred
615 1394 708 1449 tenet
729 1382 901 1468 quoddam
925 1382 1075 1446 clausum
1098 1382 1142 1446 ad
1169 1380 1286 1444 uolun-

176 1498 279 1553 tatem
305 1490 426 1554 Prioris
448 1499 482 1554 et
505 1489 614 1554 reddit
638 1488 717 1552 inde
739 1509 798 1572 per
821 1506 947 1551 annum
970 1484 1037 1568 ‚xij.
1060 1485 1223 1549 denarios
1347 1470 1352 1481 ’

242 1594 411 1660 Galsridus
428 1594 559 1658 Attehil
570 1603 663 1658 tenet
674 1614 775 1658 vnam
788 1594 904 1657 rodam
917 1600 1004 1655 terre
1018 1590 1061 1653 ad
1078 1590 1284 1654 voluntatem

178 1696 306 1773 Primis,
321 1706 355 1760 et
371 1697 480 1761 reddit
495 1695 573 1760 inde
589 1717 647 1779 per
662 1714 787 1759 annum
803 1694 855 1778 .vj.
870 1693 1033 1757 denarios

242 1798 411 1864 Galsridus
432 1800 528 1864 West
548 1808 641 1863 tenet
662 1797 1002 1883 quoddam'clausum
1018 1795 1062 1859 ad
1078 1794 1284 1859 voluntatem

177 1902 306 1979 Prioris,
322 1912 357 1967 et
372 1902 481 1967 reddit
497 1903 575 1966 inde
590 1923 648 1985 per
668 1922 793 1965 annum
809 1900 851 1983 .ij.
866 1899 993 1965 solidos
1007 1908 1042 1963 et
1057 1898 1108 1980 .vj.
1123 1899 1285 1963 denarios.

240 2006 393 2071 Vicarius
422 2015 515 2071 tenet
541 2006 712 2091 quoddam
743 2006 904 2081 clausum,
929 2013 964 2069 et
987 2003 1097 2069 reddit
1119 2003 1198 2067 inde
1227 2023 1287 2087 per

176 2129 301 2175 annum
325 2110 453 2195 xxviij.
476 2111 639 2176 denarios.

239 2214 410 2297 Johannes
434 2214 584 2279 Norman
608 2224 701 2279 tenet
723 2214 776 2298 .iij.
798 2235 892 2279 acras
914 2223 1002 2278 terre
1021 2233 1080 2297 per
1100 2221 1237 2289 cartam,
1251 2222 1286 2278 et

176 2318 286 2383 reddit
309 2320 386 2383 inde
409 2340 469 2401 per
491 2339 615 2383 annum
639 2318 708 2401 ‚xij.
730 2318 895 2383 denarios.

242 2421 429 2486 Wiilelmus
459 2423 502 2486 de
542 2422 707 2487 Stantone
737 2431 829 2486 tenet
859 2419 1031 2505 quoddam
1061 2420 1210 2485 clausum
1240 2420 1285 2484 ad

175 2527 382 2592 voluntatem
405 2528 533 2603 Prioris,
556 2537 591 2592 et
612 2528 722 2592 reddit
742 2528 821 2591 inde
841 2548 900 2611 per
914 2546 1040 2590 annum
1056 2525 1108 2608 .vj.
1122 2525 1285 2589 denarios.

242 2632 429 2696 Wiilelmus
440 2632 526 2715 Joye
538 2633 581 2697 de
594 2634 817 2716 Kyngestone
828 2643 922 2697 tenet
933 2641 1076 2714 quatuor
1091 2650 1184 2694 acras
1199 2640 1286 2693 terre

632 2844 774 2909 Summa
797 2863 914 2907 xxxv.
938 2841 1036 2905 solidi
1060 2838 1124 2921 .iiij.
1147 2839 1285 2921 denarij.

244 3006 302 3069 isti
325 3016 403 3069 sunt
427 3004 628 3086 Custumarij
655 3004 775 3069 Prioris
798 3006 842 3069 de
865 3002 1064 3068 Bernewelle
1088 3003 1121 3066 in
1142 3001 1221 3066 villa
1242 3001 1286 3065 de

178 3128 311 3191 Brunne
324 3151 330 3189 :

240 3264 377 3347 Agneta
393 3264 556 3347 Wytbred
574 3275 665 3330 tenet
677 3286 776 3330 vnam
793 3267 958 3348 virgatam
974 3272 1068 3339 terre,
1083 3271 1117 3326 et
1132 3262 1284 3345 operabit

175 3389 235 3452 per
256 3390 400 3432 annum:
424 3369 549 3433 scilicet
572 3390 592 3431 a
607 3368 692 3433 festo
714 3370 822 3433 sancti
840 3367 1014 3431 Michaelis
1037 3387 1142 3449 usque
1162 3367 1284 3430 Nataie

175 3474 209 3537 in
225 3474 374 3558 qualibet
395 3475 582 3556 septimana
603 3473 701 3538 faciet
721 3484 788 3538 tres
809 3494 937 3558 operas,
957 3473 1083 3537 scilicet
1103 3474 1157 3538 die
1179 3474 1284 3550 Lune,

175 3578 230 3643 die
254 3578 418 3660 Mercurij,
441 3578 496 3642 die
518 3578 632 3660 Jouis;
663 3587 698 3642 et
727 3578 835 3642 arabit
864 3578 919 3642 die
940 3578 1082 3643 Veneris
1108 3578 1282 3643 dimidiam

175 3703 286 3747 acram
316 3694 401 3747 terre
432 3703 491 3766 per
521 3704 719 3761 mensuram,
750 3684 812 3748 nisi
843 3683 965 3748 festum
996 3684 1192 3769 impedierit
1237 3685 1313 3749 Etr.
1328 3697 1398 3748 roob

174 3808 195 3850 a
218 3787 477 3851 Circumcisione
508 3787 647 3852 Domini
671 3808 775 3870 vsque
804 3788 848 3851 ad
880 3785 1152 3852 Purificacionem
1180 3790 1282 3853 Beate

177 3890 282 3953 Marie
297 3890 445 3973 qualibet
460 3892 647 3974 septimana
663 3891 727 3973 .iiij.
743 3911 881 3974 operas:
897 3892 1022 3956 scilicet
1036 3892 1091 3956 die
1107 3893 1212 3969 Lune,
1228 3891 1283 3956 die

177 3996 342 4077 Mercurij,
358 3998 412 4059 die
426 3998 530 4079 Jouis,
546 3998 599 4060 die
615 3998 764 4073 Veneris,
781 3998 844 4060 nisi
856 3996 978 4061 festum
995 3997 1190 4080 impedierit
1235 3997 1283 4060 Et

174 4122 194 4164 a
218 4100 454 4164 Purificacione
478 4102 574 4165 beate
599 4102 705 4165 Marie
728 4122 834 4184 usque
857 4104 898 4165 ad
925 4101 1059 4179 Pascha,
1081 4102 1166 4166 sieut
1196 4102 1282 4167 inter

175 4205 296 4269 festum
320 4206 425 4269 sancti
451 4205 624 4269 Michaelis
647 4216 680 4269 et
705 4206 836 4283 Natale,
853 4206 915 4269 nisi
939 4206 1060 4270 festum
1085 4206 1280 4290 impedierit

175 4310 220 4373 Et
231 4330 251 4371 a
266 4309 391 4372 Pascha
404 4330 508 4392 usque
524 4310 566 4373 ad
586 4310 763 4391 Holreday,
778 4321 922 4394 quatuor
936 4331 1063 4394 operas,
1080 4311 1143 4374 nisi
1159 4311 1280 4375 festum

175 4411 371 4495 impedierit,
386 4413 444 4477 sed
461 4434 528 4477 non
541 4412 655 4477 arabit.
696 4414 740 4477 Et
755 4436 775 4477 a
794 4414 963 4497 Hokeday
979 4414 1142 4498 usquead
1159 4415 1280 4480 festum
