3234 5059
352 395 398 467 54
702 374 762 474 Os
790 377 958 451 William
983 377 1112 475 Rufus
1337 376 1458 478 [noox

348 574 483 618 suorum
516 554 648 638 Regum
680 555 805 639 Anglie
832 576 938 641 usque
968 557 1001 621 in
1032 566 1221 640 presentem
1249 559 1348 636 diem,
1375 558 1457 623 utile

349 658 482 723 uidetur
503 659 566 723 sub
588 660 752 724 breuitate
775 671 1005 725 transcurrere.

185 786 293 847 ornrng
414 760 519 827 Anno
555 763 692 827 Domini
732 768 786 828 m⁰.
817 765 875 828 lx⁰.
905 766 970 829 vii⁰.
1002 776 1162 849 regnante
1199 766 1352 831 Haroldo
1388 766 1458 832 filio

184 837 338 937 avs'dlif'lle‘l
350 864 525 948 Godwyni,
544 876 579 931 et
596 864 686 949 apud
707 864 982 949 Stamphordiam
1003 866 1036 931 in
1061 866 1148 931 bello
1171 874 1357 951 occupato¹,
1375 868 1457 931 Wil-

183 938 300 1040 asam.
348 969 467 1033 lelrnus
480 971 621 1034 Bastard
635 970 759 1035 Comes
771 971 803 1034 N
805 972 978 1035 ormannie
993 970 1156 1055 Angliam
1172 974 1282 1050 intrat,
1298 982 1332 1037 et
1347 973 1455 1056 ipsum

350 1075 539 1141 Haroldum
578 1074 741 1141 interficit.
802 1074 870 1159 Qui
900 1076 1050 1159 sepultus
1087 1085 1137 1141 est
1175 1076 1209 1140 in
1239 1076 1379 1141 ecclesia
1414 1078 1457 1141 de

349 1179 531 1256 waltham,
554 1199 642 1243 anno
667 1179 760 1261 regni
783 1182 834 1243 sui
857 1179 974 1262 primo.

414 1283 602 1348 Willelmus
615 1283 766 1360 Bastard,
778 1285 836 1367 qui
847 1294 882 1349 et
894 1285 1016 1349 nothus
1028 1284 1157 1363 dicitur,
1170 1294 1276 1348 totam
1294 1284 1455 1369 Angliam

347 1388 410 1451 sibi
433 1388 563 1464 subicit,
585 1397 621 1452 et
644 1388 822 1452 Londonie
845 1388 877 1451 in
902 1408 1013 1471 regem
1038 1398 1215 1453 coronatur
1237 1388 1281 1453 ab
1305 1388 1456 1453 Aldredo

348 1492 552 1557 Eboracensi
587 1492 845 1575 archiepiscopo.
902 1491 1014 1557 Swani
1052 1490 1155 1575 Regis
1187 1492 1360 1558 Danorum
1398 1495 1455 1577 filij

347 1618 423 1661 cum
440 1597 581 1662 nauibus
597 1597 698 1661 .cc.xl.
720 1598 753 1659 in
776 1596 1057 1661 Norhumberiam
1078 1598 1203 1663 intrant
1223 1609 1257 1662 et
1278 1598 1456 1682 applicant.

347 1701 536 1765 Willelmus
567 1721 627 1764 rex
657 1722 698 1765 eo
727 1700 869 1765 tendens
900 1710 1007 1764 totam
1039 1698 1340 1766 Norhumberiam¹
1370 1702 1456 1766 lerro

184 1812 315 1865 anm
347 1816 381 1870 et
407 1806 541 1870 flamme
568 1805 679 1882 tradit,
704 1804 791 1869 vnde
818 1815 853 1869 et
878 1804 983 1869 sames
1008 1814 1122 1869 secuta
1143 1815 1195 1869 est
1218 1806 1456 1871 intollerabilis.

348 1910 461 1975 Cnuth
484 1912 658 1974 Danorum
680 1930 741 1974 rex
762 1928 838 1974 cum
856 1929 979 1989 magno
995 1918 1158 1992 apparatu
1179 1908 1340 1994 Angliam
1363 1912 1455 1975 inua-

348 2014 427 2078 dere
439 2024 543 2097 parat‚
554 2014 613 2077 sed
624 2012 813 2077 Willelmus
823 2033 893 2090 rex,
902 2013 1160 2096 circumquaque
1171 2014 1285 2079 accitis
1296 2014 1456 2079 militibus

348 2127 383 2182 et
408 2117 598 2200 sagittarijs,
625 2116 787 2200 Angliam
815 2115 914 2180 ualde
940 2126 1068 2200 grauat,
1094 2126 1127 2180 et
1160 2116 1284 2181 Cnuthi
1315 2129 1455 2182 conatus

184 2221 538 2302 asnaamoeadnichilat
584 2221 631 2285 Et
651 2230 829 2284 coronatus
850 2228 901 2283 est
923 2219 985 2283 iste
1001 2218 1185 2284 Willelmus
1207 2221 1348 2286 Bastard
1365 2242 1454 2287 anno

349 2328 475 2392 domini
489 2334 551 2390 .m⁰.
568 2326 626 2391 lx⁰.
642 2324 708 2407 vij⁰.
748 2323 816 2387 Hic
831 2324 926 2388 dedit
939 2324 1067 2405 Pycoto
1079 2324 1265 2389 vicecomiti
1281 2325 1453 2388 baroniam

348 2433 405 2515 qui
428 2432 490 2496 fuit
511 2429 668 2495 fundator
689 2430 925 2493 canonicorum
946 2430 988 2493 de
1017 2428 1239 2511 Cantebrigia.
1285 2429 1455 2512 Regnauit

348 2546 459 2601 autem
482 2537 563 2600 ,xxi
586 2534 690 2611 annis,
708 2544 743 2597 et
766 2544 917 2598 mortuus
939 2542 1000 2607 est,
1024 2541 1057 2595 et
1078 2532 1227 2615 sepultus
1250 2541 1301 2596 est
1326 2532 1359 2596 in
1384 2554 1453 2597 mo-

348 2642 492 2705 nasterio
513 2641 555 2704 de
577 2640 667 2703 Kam
689 2638 723 2702 in
741 2636 972 2701 Normannia⁸.
1016 2634 1085 2698 lste
1101 2635 1289 2699 Willelmus
1310 2657 1370 2700 rex
1393 2658 1454 2720 pro

347 2744 523 2808 animabus
550 2742 799 2808 interfectorum
832 2743 865 2805 in
896 2738 985 2804 bello
1015 2760 1074 2822 per
1103 2740 1173 2803 eius
1202 2742 1387 2805 aduentum
1419 2742 1451 2803 in

347 2845 518 2928 Angliam,
541 2843 696 2907 fundauit
718 2842 831 2906 nobile
855 2840 1096 2905 Monasterium
1118 2840 1162 2903 de
1186 2840 1288 2904 Bello.

666 3014 716 3077 31.
761 2994 814 3059 Dc
844 2994 1002 3059 Willelmo
1024 2992 1132 3075 Ruffo.

183 3162 292 3224 ornrng
413 3136 580 3199 Robertus
602 3134 767 3199 Curthuse
788 3132 850 3196 luit
871 3130 1111 3215 primogenitus
1134 3129 1273 3211 predicti
1294 3128 1452 3193 Willelmi

182 3213 332 3317 lllll‘s‘la.
347 3242 488 3306 Bastard
512 3251 547 3304 et
569 3238 654 3321 abijt
676 3240 709 3301 in
736 3247 858 3301 terram
881 3246 1032 3300 sanctam
1060 3234 1170 3300 adhuc
1197 3236 1331 3299 uiuente
1359 3246 1453 3318 patre

182 3316 415 3416 :hamana
461 3345 507 3408 nt
535 3346 689 3427 paganus
720 3340 856 3407 reuera
888 3342 950 3406 nit
977 3341 1101 3405 ibidem
1128 3340 1266 3422 signifer
1291 3338 1369 3416 eius,
1394 3340 1451 3424 qui

345 3458 463 3531 postea
488 3447 550 3510 suit
575 3446 713 3510 ecclesie
739 3446 782 3509 de
806 3442 1009 3507 Rernewelle
1039 3453 1208 3526 patronus.
1255 3442 1300 3506 Et
1330 3444 1449 3507 eodem

346 3552 496 3616 Roberto
522 3551 661 3614 absente
687 3549 825 3613 tradidit
852 3547 1021 3631 predictus
1052 3568 1112 3611 rex
1144 3545 1315 3611 Willelmo
1349 3546 1450 3611 Rufso

343 3655 412 3719 filio
428 3676 489 3719 suo
504 3654 651 3719 secundo
668 3672 807 3736 regnum
821 3651 947 3735 Anglie
963 3653 996 3715 in
1013 3651 1206 3715 infirmitate
1217 3672 1285 3735 qua
1300 3648 1450 3717 mortuus

342 3771 402 3825 est.
433 3760 479 3824 Et
494 3782 514 3823 a
531 3757 720 3822 Lanlranco
731 3757 981 3841 archiepiscopo
994 3756 1225 3821 Cantuariensi
1239 3768 1451 3822 consecratus

342 3862 422 3947 [est]
445 3865 478 3926 in
498 3860 638 3925 ecclesia
658 3862 765 3925 sancti
788 3862 876 3924 Petri
893 3858 1191 3941 Westmonasterij.
1241 3860 1316 3938 Hic,
1334 3862 1450 3925 diuisis

342 3968 506 4032 thesauris
522 3966 626 4048 patris
642 3966 691 4027 sui
708 3964 855 4046 ecclesijs
871 3974 905 4027 et
920 3963 1130 4046 pauperibus,
1142 3965 1271 4028 vinctos
1284 3986 1401 4028 omnes
1414 3966 1448 4028 in

343 4072 469 4155 Anglia
491 4092 512 4135 a
534 4069 675 4135 uinculis
697 4070 806 4133 soluit.
853 4069 919 4132 Hic
942 4067 1053 4132 aulam
1077 4070 1202 4151 regiam
1225 4070 1315 4153 apud
1340 4068 1449 4133 West-

390 4201 399 4232 ¹
416 4201 472 4250 The
483 4201 562 4249 battle
573 4198 602 4247 ol
611 4196 739 4250 Stamiord
752 4200 844 4263 Bridge
856 4214 907 4247 was
919 4198 1006 4263 fought
1019 4214 1048 4261 25
1061 4200 1132 4263 Sept.
1148 4196 1218 4248 1066.

389 4282 696 4340 ’Norhamhumberiam
716 4282 773 4331 MS.

388 4368 399 4397 ³
416 4367 528 4416 William
543 4365 602 4415 died
618 4373 643 4415 at
661 4366 758 4425 Rouen,
776 4380 792 4430 9
806 4364 877 4429 Sept.
899 4366 967 4427 1087,
983 4364 1034 4413 and
1050 4378 1101 4412 was
1116 4364 1203 4412 buried
1219 4362 1244 4411 in
1263 4362 1289 4413 S.
1306 4362 1450 4427 Stephen’s,

340 4450 418 4503 Creu.
