3234 5059
181 372 238 470 ιν]
394 372 486 447 Case
512 370 561 469 of
577 369 771 467 Reginald
790 368 834 440 de
860 368 1076 441 Combcrton
1214 390 1285 458 ²19

180 556 291 621 cilium
306 556 540 639 Lugdunense‚
551 553 583 617 in
594 574 662 637 quo
673 554 766 635 Papa
775 552 923 616 decreuit
932 550 1024 634 quod
1034 549 1151 614 iratres
1160 548 1287 613 mendi·
1300 559 1446 657 “‘ssl'by

180 669 296 725 cantes
311 661 354 724 de
373 669 485 723 cetero
505 678 580 727 non,
594 658 779 741 reciperent
800 656 931 740 aliquos
952 655 995 720 ad
1016 654 1167 719 ordinem
1188 675 1286 718 suum
1302 655 1443 760 nggglstl

181 777 252 841 etc,
263 764 415 847 exceptis
427 762 693 827 Predicatoribus
703 770 737 825 et
749 760 936 823 Minoribus
946 770 980 823 et
990 756 1196 836 Carmelitis3
1216 759 1286 822 etsi

181 870 305 935 uellent
320 870 414 935 dedit
430 867 603 932 licenciam
620 866 765 931 intrandi
778 864 954 949 religiones
967 863 1111 928 laxiores
1121 874 1184 929 etc.
1231 862 1288 926 Ex

180 998 221 1040 eo
236 986 387 1057 tempore
403 983 562 1056 ceperunt
578 971 695 1036 fratres
715 992 834 1036 omnes
855 970 1084 1034 mendicantes
1099 969 1289 1033 decrescere

180 1082 223 1146 de
252 1078 306 1143 die
322 1080 370 1141 ·in
401 1076 500 1155 diem,
531 1086 565 1141 et
595 1076 637 1141 ad
670 1074 830 1140 nichilum
860 1072 986 1138 redacti
1017 1083 1105 1149 sunt,
1135 1072 1288 1154 exceptis

182 1182 449 1249 Predicatoribus
471 1191 532 1246 etc.

183 1421 200 1467 2
206 1419 232 1485 5.
276 1405 327 1469 De
349 1404 504 1469 Bercaria
526 1412 557 1467 ct
581 1400 785 1470 columbario
808 1399 989 1485 Reginaldi
1009 1401 1049 1465 de
1073 1401 1287 1468 Cumbertone.

237 1536 337 1591 Pateat
354 1534 493 1591 uniuersis
512 1552 562 1605 per
579 1543 725 1604 presentes
742 1532 820 1604 quod
840 1549 907 1587 cum
923 1547 1020 1587 coram
1038 1532 1154 1587 domino
1175 1531 1289 1588 officiali
1302 1534 1318 1583 l.
1333 1534 1365 1596 84

182 1622 289 1678 domini
319 1622 521 1678 Archidiaconi
557 1620 691 1692 Elyensis
724 1620 893 1677 auctoritate
928 1619 1061 1689 ordinarii
1099 1632 1289 1690 cognoscente
1302 1613 1451 1706 mffigg

182 1710 315 1765 dominus
338 1708 479 1765 Henricus
497 1719 648 1781 perpetuus
666 1707 787 1763 vicarius
806 1706 926 1763 ecclesie
947 1707 1044 1763 Sancti
1065 1707 1168 1763 Botulfi
1186 1709 1288 1765 Cante-
1301 1714 1429 1806 ffi²⁰sf¹¹ffi

182 1796 272 1867 brigis
296 1807 396 1853 contra
417 1796 607 1868 Reginaldum
631 1796 667 1851 de
692 1796 883 1851 Cumbertone
907 1795 1078 1864 burgensem
1099 1794 1288 1865 eanrebrigie,
1301 1775 1436 1856 aiflois.

183 1902 267 1955 supet·
291 1886 409 1941 decimis
433 1882 663 1955 prouenientibus
687 1884 724 1938 de
752 1883 814 1938 solo
841 1882 928 1953 ipsius
956 1882 1106 1951 Reginaldi
1135 1882 1232 1937 clauso
1259 1881 1287 1936 in
1301 1864 1424 1956 {02‘2‘214

181 1973 290 2044 campis
311 1974 348 2029 de
374 1974 558 2040 Nenenham
580 1972 652 2027 inlra
676 1972 753 2043 quod
775 1971 903 2027 bercaria
924 1980 952 2024 et
974 1969 1179 2025 columbarium
1200 1970 1288 2041 ipsius
1301 1964 1452 2064 &effice

184 2062 334 2131 Reginaldi
349 2062 404 2116 sita
420 2071 495 2125 sunt,
508 2071 537 2116 et
550 2062 633 2115 rebus
646 2060 710 2131 alijs
721 2056 819 2131 [inira]
831 2059 923 2114 solum
934 2068 965 2113 vt
977 2058 1147 2128 premittitur
1160 2058 1288 2113 clausum
1301 2076 1330 2107 u
1339 2076 1394 2107 was

183 2150 428 2221 qualitercunque¹
446 2150 614 2220 nuncupatis
633 2148 769 2203 mouisset
789 2146 996 2219 questionem²;
1018 2145 1093 2201 idem
1115 2145 1288 2215 Reginaldus
1302 2115 1336 2217 ἓξ,
1368 2116 1418 2208 “lo

183 2238 211 2292 in
221 2236 329 2308 judicio
345 2237 514 2294 constitutus
531 2239 713 2309 profitebatur
729 2255 760 2292 se
777 2235 936 2291 huiusmodi
951 2234 1077 2290 decimas
1093 2236 1129 2291 de
1144 2236 1289 2305 premissis
1301 2216 1351 2309 ξιξ,
1361 2216 1426 2308 022¹,

183 2328 381 2397 prouenientes
399 2328 640 2399 qualitercumque
660 2326 830 2396 nuncupatis
849 2325 925 2380 dicto
942 2324 1058 2379 domino
1077 2325 1201 2379 Henrico
1218 2326 1289 2381 velle
1301 2318 1454 2409 {gffifgyr

183 2414 300 2481 soluere,
318 2426 435 2487 optenta
452 2416 528 2485 prius
545 2414 721 2470 discussione
736 2432 833 2469 coram
850 2413 926 2467 dicto
941 2412 1057 2467 domino
1075 2413 1188 2467 officiali
1205 2431 1289 2484 super
1301 2416 1330 2507 οἷ
1337 2416 1434 2508 23³0*

183 2504 343 2560 huiusmodi
373 2504 500 2574 decimis,
525 2521 561 2559 an
592 2504 669 2560 dicto
698 2502 816 2558 domino
847 2503 972 2557 Henrico
1001 2519 1086 2572 super
1114 2501 1168 2571 hijs
1196 2502 1289 2573 ipsum
1301 2478 1453 2566 laistei&

185 2592 374 2662 Reginudum
387 2592 416 2647 n
430 2592 535 2647 turreio
547 2591 723 2663 inquietanti,
735 2591 779 2647 vu
792 2590 930 2660 religiosis
943 2589 1009 2644 vnis
1022 2589 1137 2645 domno
1152 2589 1239 2644 enon
1253 2590 1289 2645 ae
1303 2568 1384 2618 ’Μ’
1394 2568 1451 2619 ¹²⁰⁷·

185 2682 355 2737 Bernewelle
370 2690 399 2736 et
411 2680 538 2737 eiusdem
551 2680 606 2735 loci
618 2679 770 2735 conuentui
781 2678 874 2749 ipsum
884 2676 1074 2747 Reginaldum
1086 2694 1170 2748 super
1180 2678 1289 2733 eisdem

183 2767 301 2823 decimis
319 2768 493 2825 volentibus³
510 2778 539 2823 vt
554 2768 659 2823 dicitur
675 2765 832 2836 inquietare
847 2776 877 2821 et
893 2782 1003 2833 vexare,
1015 2765 1145 2820 nomine⁴
1162 2766 1290 2821 Ecclesie

183 2856 309 2913 omnium
329 2858 498 2912 Sanctorum
515 2856 551 2912 ad
572 2858 703 2912 Castrum
722 2854 750 2909 in
770 2853 952 2923 Cantebrigia
969 2871 1055 2925 quam
1074 2854 1149 2909 idem
1167 2854 1289 2925 religiosi

183 2943 311 3013 optinent
330 2944 358 2999 in
377 2944 506 3015 proprios
524 2960 601 3012 vsus,
617 2953 647 2999 et
665 2942 802 2997 canonice
821 2952 926 3010 tenent,
944 2941 1103 2997 huiusmodi
1121 2943 1230 2998 decime
1248 2944 1289 2998 sic

182 3031 382 3100 prouenientes
402 3032 429 3086 in
447 3042 528 3102 parte
545 3032 589 3086 vel
609 3032 638 3085 in
660 3041 719 3085 toto
738 3030 782 3084 vel
800 3028 1050 3101 proporcionaliter
1068 3030 1137 3084 solui
1157 3031 1289 3099 debeant,

183 3114 314 3186 precipue
342 3133 407 3172 cum
431 3115 591 3171 huiusmodi
617 3115 709 3170 solum
734 3115 769 3170 sit
794 3114 823 3168 in
848 3114 983 3185 parochia
1004 3113 1149 3186 vtriusque
1172 3117 1290 3173 ecclesie

183 3203 309 3275 predicte
321 3204 406 3258 situm
420 3202 675 3275 proporcionaliter.
707 3204 838 3259 Tandem
851 3213 917 3274 post
928 3203 1079 3258 nonnullas
1088 3204 1290 3261 altercaciones

182 3291 249 3347 hinc
274 3290 339 3347 inde
362 3290 475 3348 habitas
501 3291 576 3348 idem
601 3290 732 3347 dominus
760 3290 901 3345 Henricus
925 3307 977 3361 pro
1000 3291 1076 3346 bono
1097 3291 1177 3362 pacis
1200 3293 1290 3349 voluit

182 3390 212 3437 et
228 3379 370 3436 concessit
383 3390 412 3436 vt
428 3390 486 3435 tam
504 3380 564 3451 ipse
581 3396 667 3451 quam
684 3379 806 3451 religiosi
823 3378 971 3439 memorati
989 3379 1149 3435 huiusmodi
1164 3380 1289 3436 decimas

183 3480 212 3526 vt
229 3470 400 3542 premittitur
412 3467 571 3535 nominatas
589 3468 624 3522 de
641 3467 777 3535 bercaria,
790 3466 965 3521 columbario
984 3477 1012 3522 et
1030 3467 1113 3522 rebus
1130 3466 1195 3537 alijs
1210 3480 1289 3524 ante·

183 3556 267 3614 dictis
280 3556 351 3612 inira
367 3558 457 3613 solum
475 3556 632 3628 predictum
649 3554 848 3627 prouenientes
861 3554 979 3624 singulis
992 3555 1075 3610 annis
1088 3573 1138 3626 pro
1156 3566 1217 3611 rata
1229 3556 1289 3612 siue

183 3644 432 3717 proporcionaliter
453 3642 618 3715 percipiant,
640 3642 717 3698 omni
741 3641 965 3697 contradictione
989 3641 1077 3713 ipsius
1102 3644 1217 3699 Henrici
1239 3662 1290 3715 pro

184 3745 311 3805 tempore
323 3750 375 3789 suo
388 3742 518 3789 cessante
531 3733 559 3787 in
572 3730 725 3803 premissis.

240 3824 272 3877 ln
291 3822 371 3877 cuius
388 3820 426 3877 rei
445 3818 639 3876 testimonium
657 3819 779 3890 presenti
796 3818 903 3890 scripto
920 3836 972 3889 per
987 3820 1104 3875 modum
1123 3822 1289 3892 cyrographi

184 3911 337 3978 indentalo,
353 3909 432 3965 cuius
448 3926 505 3963 vna
521 3926 587 3979 pars
604 3925 691 3979 penes
710 3907 870 3978 predictum
889 3908 1054 3975 Heraeum,
1071 3917 1099 3963 et
1117 3910 1206 3965 altera
1223 3926 1290 3980 pars

183 4015 271 4069 penes
300 3996 393 4053 dictos
422 3995 570 4065 religiosos
600 3996 766 4064 remanebit,
797 3995 890 4066 sigillo
921 3996 1101 4051 officialitatis
1131 3998 1288 4071 consistorii

183 4085 374 4143 archidiaconi
394 4084 527 4155 Elyensis
546 4083 669 4154 sigillato
688 4084 725 4139 ad
745 4083 913 4138 instanciam
933 4084 1180 4155 predictorum...t

232 4208 240 4241 ¹
257 4210 430 4276 qualitercum‚
446 4210 504 4259 MS.
667 4206 678 4237 ²
694 4207 758 4257 This
769 4206 790 4256 is
801 4207 845 4257 the
856 4206 962 4273 reading
971 4207 1001 4257 ol
1009 4208 1053 4257 the
1065 4208 1122 4259 MS.

232 4292 242 4322 ³
259 4292 332 4349 velle,
346 4291 402 4340 MS.
667 4289 678 4320 ⁴
694 4289 799 4348 nomini,
812 4290 870 4340 MS.

231 4373 242 4405 ⁸
258 4373 585 4439 Sigillata...predictarum‚
600 4372 671 4433 Ms.;
691 4372 735 4422 but
750 4387 820 4422 some
835 4373 918 4421 words
934 4388 976 4422 are
991 4372 1103 4437 wanting
1120 4381 1147 4424 to
1163 4374 1288 4439 complete

184 4456 226 4507 the
243 4465 369 4507 sentence.
