3234 5059
165 307 221 411 rv]
396 314 570 387 Arrivol
591 312 639 411 of
656 322 726 389 two
744 314 869 411 papal
888 315 1043 412 Legatos
1197 339 1266 409 235

230 502 363 569 Deinde
386 505 534 587 perrexit
555 504 600 568 ad
625 503 757 588 Regem
780 504 838 587 qui
860 511 941 567 tunc
963 510 1035 567 erat
1060 503 1095 566 in
1119 503 1269 586 partibus
1284 513 1406 615 mgb

166 606 287 671 Wallie
309 629 409 692 supra
431 609 569 673 modum
592 618 782 691 occupatus.
830 608 934 672 Fame
957 618 990 671 et
1013 608 1068 671 siti
1092 617 1125 671 et
1149 607 1270 691 frigore
1283 610 1437 715 mxlii

165 710 348 788 laborabat,
369 734 474 795 equos
503 721 537 777 et
561 733 665 796 equos
695 711 842 796 perdidit
872 721 906 776 et
937 711 1060 776 multos
1090 712 1212 776 milites
1236 723 1270 777 et
1283 712 1421 806 pfffflgg

166 813 275 893 sortes,
291 826 325 880 et
347 825 476 881 ceteros
498 816 651 881 homines
673 818 745 881 sine
766 838 914 881 numero.
960 816 1142 881 Gilbertus¹
1158 839 1270 881 comes

167 919 354 997 Glouernie‚
378 922 444 1004 qui,
468 932 505 986 ut
527 922 709 999 dicebatur,
732 932 849 987 votum
874 921 995 985 fecerat
1026 923 1117 1004 quod
1141 922 1269 986 nullum

168 1022 369 1088 Wallensem
401 1026 516 1089 uiuum
547 1026 756 1109 relinqueret,
783 1027 976 1090 resistentes
998 1026 1060 1089 sibi
1084 1026 1208 1090 multos
1237 1037 1272 1090 et

168 1127 267 1191 fortes
291 1130 427 1205 inuenit,
448 1139 483 1193 et
513 1130 668 1214 precipue
697 1131 849 1213 Morgan,
872 1150 974 1193 vnum
1000 1130 1042 1195 de
1067 1131 1271 1214 principibus

168 1231 297 1309 Wallie,
325 1234 383 1316 qui
421 1234 501 1297 satis
538 1234 647 1297 eidem
687 1235 811 1299 Comiti
849 1245 882 1298 et
913 1234 1073 1298 exercitui
1103 1256 1164 1299 suo
1194 1235 1271 1298 fecit

167 1339 315 1420 dampna
344 1348 378 1403 et
406 1340 617 1415 uexaciones,
646 1339 735 1403 vnde
766 1340 890 1404 Comes
920 1339 1019 1421 redijt
1049 1340 1092 1403 de
1122 1339 1271 1423 partibus

168 1439 288 1505 Wallie
325 1462 391 1506 non
430 1442 502 1505 sine
540 1443 667 1507 rubore.
714 1444 835 1507 Postea
866 1443 1034 1526 predictus
1065 1444 1206 1526 Morgan
1238 1452 1272 1507 et

168 1544 316 1609 Maddoc
328 1546 372 1610 ab
384 1546 529 1610 Lewelin
541 1546 707 1630 principes
718 1546 839 1610 Wallie
854 1546 1076 1610 subdiderunt
1087 1567 1122 1610 se
1134 1546 1272 1610 domino

168 1648 335 1714 Edwardo
352 1651 436 1735 Regi
455 1652 578 1735 Anglie
594 1661 628 1715 et
643 1652 787 1715 cessauit
799 1672 919 1734 guerra
931 1652 963 1714 in
980 1652 1130 1734 partibus
1143 1650 1271 1716 Wallie.

234 1755 310 1819 Rex
327 1766 440 1819 autern
457 1755 556 1837 redijt
570 1755 791 1832 Londoniam‚
800 1767 835 1821 et
847 1756 937 1820 misit
949 1757 1135 1821 exercitum
1151 1757 1271 1821 sortem
1284 1771 1415 1863 ml,

168 1862 201 1923 in
219 1860 432 1925 Wasconiam
449 1871 483 1926 et
503 1861 700 1944 peccuniam
722 1862 816 1943 quasi
838 1861 1011 1927 infinitam.
1057 1862 1151 1925 Misit
1166 1862 1271 1925 eciam
1285 1872 1410 1922 oneony.

169 1964 246 2028 Rex
265 1964 349 2047 Regi
367 1964 568 2029 Alemannie
584 1966 758 2048 pecuniam
784 1966 979 2042 maximam,
994 1987 1069 2029 cum
1092 1986 1160 2048 quo
1182 1967 1272 2047 prius

169 2068 247 2133 fecit
270 2068 366 2133 sedus
387 2070 625 2147 indissolubile,
642 2081 676 2135 et
697 2070 797 2153 paulo
814 2081 890 2154 post
906 2081 1067 2135 venerunt
1087 2070 1272 2152 alienigene

169 2174 272 2256 Regis
296 2174 428 2250 inimici,
444 2186 479 2240 et
497 2174 729 2259 applicuerunt
752 2176 895 2240 latenter
914 2174 1004 2259 apud
1028 2176 1223 2252 Douerram,
1239 2186 1273 2239 et

169 2298 325 2360 magnam
342 2288 471 2362 partem
488 2279 556 2361 igni
569 2278 834 2344 combusserunt.
880 2281 936 2344 Ex
953 2289 1033 2344 tunc
1049 2280 1156 2345 arcius
1171 2299 1272 2362 quam

168 2382 258 2462 prius
275 2378 352 2444 fecit
369 2380 445 2443 Rex
467 2381 625 2445 custodiri
642 2382 855 2457 maritimam,
871 2383 952 2465 quia
967 2383 1089 2447 ueritas
1105 2383 1167 2447 fuit
1182 2383 1272 2465 quod

170 2484 286 2548 Franci
310 2494 511 2569 parauerunt
526 2484 588 2548 sibi
606 2505 708 2550 naues
724 2487 820 2569 quasi
844 2486 991 2551 infinitas
1013 2488 1055 2551 ad
1073 2488 1272 2551 vastandum
1287 2502 1339 2543 rna
1355 2502 1421 2553 xrne

1287 2552 1309 2593 la
1322 2557 1421 2604 present

168 2598 288 2652 terram
305 2587 439 2671 Anglie.
486 2590 562 2653 Rex
586 2610 665 2673 ergo
687 2610 800 2655 uersus
823 2590 1025 2654 maritimam
1040 2612 1077 2654 se
1091 2591 1224 2667 direxit,
1239 2600 1273 2653 et
1287 2602 1419 2695 ggttprem·

167 2692 315 2757 intersuit
331 2692 569 2776 sollempnitati
591 2695 680 2779 apud
699 2696 914 2761 Cantuariam
931 2694 1066 2779 quando
1084 2694 1273 2777 Archiepis-
1286 2702 1438 2804 pggtgsfthe

168 2818 271 2879 copus
288 2795 350 2861 luit
366 2797 411 2861 ibi
429 2798 654 2862 intronizatus.
1287 2804 1428 2904 ,cffi‘jbct

1352 2882 1358 2903 ,
1430 2883 1437 2894 .

1287 2914 1345 2955 1²⁹5·

279 3068 325 3132 50.
373 3052 422 3116 De
443 3052 585 3116 adtrentu
607 3052 747 3117 duorum
769 3056 947 3137 legatorum
971 3058 1006 3120 in
1029 3057 1163 3139 Anglia.

233 3197 386 3261 Audiens
407 3198 564 3263 dominus
584 3220 682 3283 papa,
697 3203 787 3283 quod
807 3202 974 3268 discordia
994 3216 1081 3269 esset
1105 3207 1189 3269 inter
1205 3216 1273 3269 tam
1290 3226 1355 3267 now
1369 3231 1421 3268 two

167 3302 371 3366 excellentes
389 3304 499 3385 Reges
515 3303 713 3369 christianos
730 3306 856 3389 Anglie
871 3318 904 3371 et
922 3308 1069 3387 Francie,
1086 3312 1176 3374 misit
1190 3311 1275 3374 duos
1289 3277 1383 3378 iiiii·

168 3406 296 3489 legatos
340 3408 383 3471 ad
435 3418 574 3491 vtraque
619 3430 722 3491 regna
767 3410 811 3475 ad
857 3412 1104 3477 reformandum
1149 3436 1275 3498 pacem.
1288 3383 1414 3529 giptio,

168 3510 350 3575 Venientes
381 3522 492 3576 autem
532 3512 565 3575 in
604 3512 764 3596 Angliam
796 3516 829 3578 in
861 3516 947 3580 t'esto
976 3518 1083 3583 sancti
1112 3488 1399 3600 Johannisibsim'

169 3614 320 3696 Baptiste
342 3635 432 3679 anno
452 3616 579 3680 domini
603 3614 727 3682 .m⁰.cc⁰.
751 3620 969 3702 nonogesimo
990 3622 1116 3705 quinto,
1131 3625 1276 3707 suscepit

167 3736 225 3778 eos
250 3715 336 3793 Rex,
359 3717 474 3795 clerus,
497 3728 530 3783 et
553 3721 698 3803 populus
721 3742 796 3785 cum
821 3723 946 3805 gaudio
977 3745 1110 3808 magno,
1133 3737 1167 3791 et
1199 3728 1275 3791 Rex

168 3830 303 3885 ostensa
332 3844 447 3887 eorum
471 3833 639 3907 potestate
667 3826 839 3911 respondit
861 3851 897 3893 se
920 3818 980 3912 per
1001 3832 1115 3895 omnia
1144 3853 1277 3896 summo
1290 3850 1308 3899 f.
1321 3849 1375 3916 9ob

168 3924 318 4007 pontifici
357 3928 389 3990 in
428 3928 596 3993 canonicis
627 3932 793 4015 preceptis
823 3932 959 3998 obedire
989 3946 1151 4019 tanquam
1183 3938 1277 4020 patri,

167 4039 201 4092 et
222 4029 255 4092 in
279 4030 434 4096 omnibus
458 4034 625 4117 responsis
649 4034 697 4099 ita
718 4035 853 4118 placuit·
868 4038 915 4102 eis
939 4040 1030 4123 quod
1051 4042 1153 4106 ambo
1176 4042 1276 4123 legati

168 4132 358 4199 lacrimasse
409 4136 614 4204 dicebantur.
676 4140 942 4223 Verumptamen
995 4146 1164 4210 asserebat
1216 4168 1277 4211 nec

168 4245 330 4318 treugam,
346 4258 406 4301 nec
427 4238 526 4303 aliam
548 4241 641 4323 pacis
663 4241 802 4308 sormam
820 4246 1010 4324 concedere,
1027 4249 1099 4313 sine
1114 4271 1277 4315 consensu

168 4338 272 4424 Regis
288 4340 510 4424 Alemannie3
533 4355 567 4409 et
588 4345 703 4411 audita
719 4352 935 4432 responsione
953 4352 1056 4435 Regis
1072 4367 1278 4421 recesserunt

591 4506 600 4539 ¹
618 4509 747 4563 cunnus
757 4519 790 4576 ee
805 4514 863 4565 us.
