3234 5059
332 370 404 461 308
639 368 678 441 Τ
670 376 801 443 errants
828 368 868 442 in
894 364 1116 467 Madingley
1317 366 1435 466 [Boou

330 573 432 618 vnum
463 554 611 619 clausum
642 574 718 619 cum
748 564 835 618 terra
865 554 1046 631 adiacente,
1068 564 1102 618 et
1132 554 1241 618 reddit
1271 552 1349 617 inde
1378 572 1436 635 per

330 679 455 732 annum
479 658 531 741 iij.
554 660 686 724 solidos.

397 764 559 829 Ricardus
575 764 662 828 filius
685 766 841 848 Hugonis
861 776 953 829 tenet
974 766 1054 847 .xiij.
1070 786 1163 829 acras
1178 776 1264 830 terre
1278 785 1354 828 cum
1371 782 1437 827 vno

330 869 511 951 mesuagio,
533 878 567 933 et
597 868 706 933 reddit
729 870 807 933 inde
829 890 888 953 per
917 890 1041 933 annum
1073 870 1124 953 .vj.
1149 868 1281 945 solidos
1306 867 1355 950 .vj.
1381 866 1436 930 de-

330 972 449 1048 narios,
471 983 505 1036 et
527 973 612 1038 duos
635 994 780 1057 capones
802 976 845 1038 ad
871 974 999 1038 Natale.

394 1077 540 1160 Jacobus
566 1077 652 1142 filius
678 1078 804 1142 Warini
831 1078 924 1143 Geue
953 1087 1045 1143 tenet
1070 1078 1149 1161 .xiij.
1174 1099 1266 1142 acras
1292 1087 1378 1141 terre
1404 1084 1437 1139 et

330 1200 433 1245 vnum
448 1182 607 1259 clausum,
622 1192 657 1246 et
677 1183 785 1247 reddit
806 1183 884 1247 inde
905 1204 963 1266 per
983 1203 1108 1247 annum
1125 1182 1198 1266 .viij.
1215 1181 1348 1257 solidos,
1364 1180 1437 1261 .viij.

329 1284 492 1362 denarios,
507 1296 542 1349 et
556 1288 641 1350 duos
657 1306 801 1369 capones
816 1286 858 1350 ad
877 1286 1005 1351 Natale.

398 1388 503 1473 Hugo
525 1390 687 1454 Wilemot
708 1399 801 1455 tenet
823 1390 886 1474 iiij.
910 1411 1002 1455 acras
1025 1401 1111 1457 terre
1132 1400 1167 1455 et
1195 1389 1379 1467 dimidiam,
1403 1398 1437 1452 et

330 1513 430 1558 vnam
454 1495 570 1559 rodam
594 1516 670 1559 curn
693 1497 875 1579 mesuagio,
893 1507 926 1560 et
949 1496 1059 1561 reddit
1081 1516 1140 1581 per
1161 1514 1286 1559 annum
1309 1492 1437 1577 ,xxviii

330 1597 493 1677 denarios,
515 1598 660 1677 obolum,
683 1610 718 1664 et
740 1601 825 1664 duos
848 1620 991 1683 capones
1014 1601 1057 1664 ad
1081 1600 1210 1665 Natale

213 1709 232 1760 s·
248 1708 318 1772 ινδ
394 1702 566 1785 Johannes
582 1704 782 1788 Capelianus
798 1704 885 1770 filius
902 1705 1036 1769 Ricardi
1052 1705 1095 1769 de
1111 1702 1330 1788 Sneylewelle
1344 1710 1437 1766 tenet

328 1828 374 1874 ,re
388 1827 482 1871 acras
497 1816 591 1884 terre,
607 1819 641 1872 et
657 1808 766 1872 reddit
781 1808 860 1873 inde
875 1829 933 1892 per
947 1828 1073 1874 annum
1089 1830 1126 1873 .v.
1142 1807 1275 1871 solidos.

395 1910 566 1993 Johannes
581 1912 624 1975 de
645 1912 855 1995 Kingestone
876 1921 968 1977 tenet
983 1932 1086 1977 vnum
1103 1912 1262 1989 clausum,
1277 1921 1312 1975 et
1327 1909 1437 1975 reddit

331 2016 409 2080 inde
424 2036 483 2099 per
498 2036 622 2080 annum
639 2026 781 2099 quatuor
795 2016 928 2081 solidos.

398 2118 565 2183 Henricus
588 2120 813 2203 Groungeuile
840 2129 932 2185 tenet
957 2140 1059 2184 vnum
1087 2121 1245 2196 clausum,
1268 2128 1301 2184 et
1328 2119 1436 2183 reddit

330 2222 409 2288 inde
431 2244 489 2308 per
511 2243 636 2288 annum
660 2233 803 2307 quatuor
826 2223 958 2288 solidos.

396 2329 562 2395 Cristiana
576 2329 645 2393 lilia
666 2329 789 2412 Rogeri
812 2328 925 2393 Erlich
948 2339 1039 2393 tenet
1054 2331 1170 2393 decem
1187 2350 1278 2393 acras
1294 2337 1387 2405 terre,
1402 2338 1437 2393 et

330 2435 440 2500 reddit
455 2436 533 2499 inde
548 2455 605 2519 per
620 2455 745 2498 annum
762 2434 824 2516 .vij.
840 2434 973 2497 solidos.

398 2542 550 2623 Rogerus
573 2541 789 2623 Blauncpayn
813 2549 906 2603 tenet
928 2539 1007 2621 xiij.
1029 2558 1122 2602 acras
1145 2548 1239 2615 terre,
1263 2548 1297 2603 et
1327 2539 1436 2604 reddit

331 2646 409 2710 inde
431 2666 490 2728 per
512 2665 636 2709 annum
659 2645 834 2709 dimidiam
858 2664 1012 2707 marcam.

398 2750 563 2814 Henricus
575 2748 776 2833 Capelianus
788 2756 880 2811 tenet
892 2746 970 2829 ,xiij.
983 2767 1076 2811 acras
1088 2758 1173 2811 terre
1184 2757 1219 2811 et
1233 2747 1343 2811 reddit
1359 2747 1437 2811 inde

331 2876 390 2938 per
404 2875 529 2919 annum
545 2854 595 2936 .vj.
611 2852 745 2929 solidos,
760 2851 810 2933 .vj.
827 2852 989 2929 denarios,
1004 2852 1233 2935 quadrantem.

398 2958 564 3022 Henricus
585 2956 767 3020 Blosseuile
788 2965 880 3019 tenet
902 2954 1019 3020 decem
1042 2975 1135 3018 acras
1157 2964 1251 3031 terre,
1271 2965 1305 3018 et
1328 2954 1437 3018 reddit

332 3063 410 3126 inde
431 3081 490 3145 per
511 3080 637 3125 annum
661 3082 699 3125 .v.
722 3060 857 3124 solidos.

398 3166 513 3229 Petrus
538 3163 583 3228 de
606 3164 637 3229 le
661 3165 768 3227 scrine
793 3172 886 3227 tenet
910 3162 960 3244 .vj.
987 3182 1079 3225 acras
1103 3171 1189 3226 terre
1212 3162 1256 3227 de
1282 3162 1382 3227 feodo
1406 3164 1438 3227 le

332 3269 508 3353 Franceys,
518 3280 552 3333 et
565 3270 673 3333 reddit
688 3267 766 3331 inde
782 3287 841 3351 per
855 3287 979 3332 annum
991 3266 1043 3350 iij.
1053 3266 1178 3332 solidos
1193 3277 1226 3333 et
1238 3267 1281 3351 ij.
1292 3288 1437 3352 capones

331 3373 374 3437 ad
392 3372 521 3437 Natale.

399 3477 564 3543 Henricus
595 3476 788 3561 capellanus
818 3486 911 3540 tenet
936 3474 1110 3540 dimidiam
1137 3495 1248 3540 acram
1279 3487 1364 3541 terre
1394 3479 1437 3542 de

332 3584 450 3647 eodem
481 3581 588 3659 feodo,
619 3592 653 3645 et
688 3581 798 3646 reddit
833 3581 912 3645 inde
946 3602 1005 3665 per
1039 3602 1164 3646 annum
1201 3582 1253 3665 iij.
1283 3583 1438 3648 denarios

331 3686 476 3752 obolum.

396 3789 585 3855 Willelmus
605 3789 636 3852 le
657 3788 845 3872 Plowrythe
864 3798 956 3854 tenet
974 3788 1147 3855 dimidiam
1169 3810 1279 3854 acram
1295 3801 1381 3855 terre
1396 3791 1439 3855 de

329 3896 450 3959 eodem
486 3893 593 3970 feod0,
622 3903 657 3957 et
692 3892 801 3957 reddit
838 3893 916 3956 inde
950 3914 1009 3976 per
1043 3914 1168 3958 annum
1199 3895 1253 3960 ix.
1284 3894 1437 3960 denarios

330 3999 476 4065 obolum.

398 4105 550 4187 Rogerus
580 4102 764 4167 Vendhout
793 4110 887 4165 tenet
920 4122 1020 4166 vnam
1052 4103 1168 4166 rodam
1198 4110 1232 4166 et
1262 4100 1436 4167 dimidiam

331 4220 416 4275 terre
430 4208 473 4272 de
488 4207 607 4271 eodem
624 4206 731 4283 seod0,
746 4217 780 4271 et
796 4207 905 4270 reddit
922 4208 1000 4271 inde
1015 4227 1075 4290 per
1089 4227 1214 4270 annum
1231 4206 1271 4289 .ij.
1284 4207 1437 4271 denarios

331 4314 476 4379 obolum.

397 4418 579 4482 Nicbolaus
603 4416 806 4480 Alisaundre
827 4425 920 4481 tenet
943 4436 1041 4481 vnam
1065 4415 1181 4481 rodam
1204 4425 1238 4481 et
1261 4415 1435 4481 dimidiam
