3234 5059
334 351 382 426 74
571 332 633 430 Of
652 332 713 405 tlte
737 332 875 407 Pnbrs
900 330 981 405 and
1001 328 1100 403 their
1125 336 1202 402 acts
1276 322 1397 425 [Boou
1423 344 1437 393 1

332 520 420 585 uixit
435 540 495 604 per
514 540 608 584 mxx.
624 540 732 584 annos
752 529 786 584 et
807 519 960 607 amplius,
975 527 1009 582 et
1025 538 1100 582 cum
1116 515 1210 581 senio
1225 511 1439 597 corporisque

333 624 505 689 debilitate
526 624 729 708 fatigaretur,
748 637 906 688 'concessa
927 624 991 687 sibi
1015 620 1203 705 prouisione
1225 615 1439 700 competenti,

335 729 516 813 resignauit
547 729 733 793 Prioratum
764 748 860 792 suum
887 726 920 790 in
948 746 1066 790 manus
1092 724 1251 808 Episcopi
1284 720 1440 804 Elyensis

336 831 422 895 circa
437 831 559 896 festum
583 832 689 896 sancti
713 831 873 895 Iohannis
888 830 1043 913 baptiste,
1059 848 1148 892 anno
1163 826 1291 891 domini
1307 830 1370 888 .m⁰.
1383 828 1439 887 cc⁰.

170 930 322 1024 ξξζξξθῇ
336 936 554 1018 nonagesimo
576 937 728 1019 septimo.
774 935 821 999 Et
847 933 932 1016 obijt
958 932 1076 997 eodem
1103 953 1193 997 anno
1218 930 1367 994 nondum
1393 948 1441 991 re·

170 1030 308 1123 iffi?
335 1039 461 1118 uoluto,
476 1040 631 1104 videlicet
650 1048 773 1105 octauo
792 1038 848 1103 die
870 1036 1092 1102 dedicacionis
1113 1033 1250 1098 ecclesie
1269 1040 1389 1105 nostre,
1409 1037 1442 1093 et

171 1130 313 1224 ἕξξῆξᾷξρ,
335 1145 486 1227 sepultus
512 1146 545 1207 in
572 1145 766 1227 pauimento
789 1164 901 1208 coram
925 1143 1020 1206 altari
1043 1150 1157 1205 sancte
1181 1137 1350 1202 Katerine.
1397 1134 1443 1198 Et

172 1259 309 1352 affigi,
338 1247 430 1311 Prior
461 1248 670 1325 Benedictus,
701 1248 757 1331 qui
788 1248 818 1310 ei
850 1246 1017 1324 successit,
1047 1244 1156 1327 ipsum
1184 1238 1364 1306 honorifice
1392 1256 1443 1301 se-

174 1360 250 1403 ¹³r¹0¹·
336 1352 489 1437 peliuit¹.]

390 1536 533 1591 Tenentes
546 1536 649 1592 Prioris
662 1536 691 1592 in
706 1537 883 1593 Chesterton.
911 1536 1010 1591 Abbas
1023 1536 1058 1591 de
1071 1532 1206 1591 Versellis
1219 1543 1295 1589 tenet
1308 1531 1344 1601 iij.
1355 1532 1445 1601 hydas

337 1632 365 1677 et
383 1622 539 1692 dimidiam,
558 1623 633 1678 vnde
652 1624 735 1678 soluit
753 1642 804 1695 per
822 1642 929 1679 annum
944 1624 980 1693 xij
1000 1642 1021 1679 s
1061 1624 1133 1679 Item
1152 1622 1237 1677 soluit
1254 1639 1305 1693 pro
1322 1621 1445 1692 quadam

338 1713 436 1784 placea
448 1712 496 1767 ubi
509 1712 702 1768 molendinum
712 1713 822 1769 solebat
834 1730 897 1770 esse
910 1714 928 1785 ij
938 1714 965 1768 d.
994 1714 1065 1768 item
1075 1712 1199 1767 inueniet
1209 1728 1295 1766 vnarn
1305 1720 1445 1766 carectam

339 1802 368 1857 in
393 1812 550 1873 autumpno
573 1820 625 1873 pro
646 1820 678 1859 se
699 1814 727 1858 et
749 1820 800 1874 pro
822 1803 985 1858 hominibus
1005 1802 1063 1857 suis
1085 1801 1122 1856 ad
1143 1802 1309 1857 cariandum
1331 1802 1446 1856 bladum

340 1890 447 1947 domini
469 1891 564 1961 Regis.
604 1893 677 1945 Item
698 1891 824 1949 inueniet
842 1909 926 1947 vnam
946 1908 1078 1947 carucam
1096 1892 1125 1946 in
1144 1902 1272 1963 tempore
1290 1888 1391 1961 yemali
1410 1888 1448 1943 ad

341 1979 547 2036 seminandum
594 1981 667 2035 Item
691 1981 719 2035 in
744 1990 872 2049 tempore
896 1980 1134 2052 quadragesimali
1158 1981 1283 2036 inueniet
1307 1993 1447 2033 carucam.

343 2069 415 2123 Item
441 2068 469 2122 in
494 2078 620 2138 ternpore
643 2067 790 2123 inbinandi
809 2067 821 2137 j
847 2085 986 2124 carneam.
1027 2070 1099 2124 ltem
1120 2069 1220 2124 Abbas
1243 2067 1377 2138 percipiet
1398 2082 1449 2136 pro

340 2156 466 2226 qualibet
490 2172 588 2211 amira
609 2154 660 2225 jd.
700 2157 774 2211 Item
798 2174 897 2211 omnes
922 2166 1049 2212 tenentes
1074 2156 1203 2211 eiusdem
1227 2156 1348 2211 Abbatis
1367 2172 1450 2210 vnus·

343 2244 463 2315 quisque
487 2260 585 2299 eorum
610 2242 735 2300 inueniet
754 2260 842 2298 vnum
867 2244 1012 2300 hominem
1036 2244 1074 2299 ad
1098 2245 1219 2315 primam
1240 2242 1396 2315 precariam
1420 2242 1449 2296 in

343 2344 505 2402 autumpno.
544 2332 582 2388 Et
598 2332 715 2402 'quilibet
731 2348 829 2387 eorum
847 2333 964 2403 recipiet
981 2333 1109 2388 oblatum
1127 2350 1230 2404 panem
1249 2340 1276 2385 et
1298 2347 1450 2402 compana-

343 2420 431 2491 gium,
453 2419 584 2475 videlicet
605 2420 624 2490 ij
646 2420 749 2475 alleces
767 2420 814 2474 uel
834 2420 960 2490 precium
984 2420 1055 2476 tanti
1076 2421 1188 2475 valoris.
1228 2422 1299 2475 ltem
1320 2419 1451 2475 homines

344 2509 413 2564 dicti
431 2509 553 2563 Abbatis
576 2508 742 2563 herciabunt
766 2508 811 2562 bis
835 2526 885 2579 per
908 2525 1015 2564 annum
1040 2518 1068 2563 et
1092 2510 1226 2580 recipient
1247 2509 1258 2578 j
1280 2508 1451 2579 quadratum

345 2612 448 2667 panem
469 2606 497 2649 et
515 2594 527 2664 j
550 2596 675 2650 allecem.
714 2597 846 2650 Preterea
864 2596 1009 2651 habebunt
1029 2596 1057 2667 iij
1077 2614 1183 2667 poynes
1202 2612 1357 2651 auenarum
1375 2606 1403 2649 et
1422 2595 1451 2649 in

345 2694 471 2754 tempore
488 2683 705 2754 quadragesime
720 2683 790 2752 (sic).
823 2685 895 2739 ltem
908 2702 1007 2739 omnes
1020 2694 1148 2739 tenentes
1161 2695 1248 2740 terras
1261 2685 1452 2755 unusquisque

345 2788 443 2827 eorum
453 2770 577 2825 inueniet
587 2788 673 2826 vnum
681 2772 826 2827 hominem
834 2788 885 2843 per
888 2771 900 2841 j
912 2770 988 2829 diem
998 2772 1035 2827 ad
1043 2772 1233 2841 colligendum
1241 2772 1337 2827 senum
1345 2770 1452 2827 domini

347 2856 434 2926 Regis
453 2866 571 2925 excepto
589 2856 732 2912 Willeimo
750 2865 779 2912 et
797 2856 949 2913 heredibus
969 2855 1063 2925 Egidij
1083 2856 1132 2925 filij
1152 2857 1203 2911 sui.
1244 2856 1315 2911 Item
1334 2854 1452 2926 predicti

346 2944 475 2998 homines
488 2944 667 2999 sarculabunt
680 2944 810 2999 videlicet
822 2955 910 3000 terras
923 2954 1052 3001 tenentes
1065 2961 1115 3016 per
1123 2944 1134 3013 j
1146 2946 1222 3000 diem
1235 2962 1286 3000 nec
1299 2944 1454 3016 percipient

347 3050 399 3102 pro
422 3032 584 3087 huiusmodi
610 3032 743 3103 operibus
763 3032 819 3087 nisi
841 3033 1004 3087 vadimonia
1025 3034 1062 3087 ad
1084 3033 1185 3087 festum
1208 3033 1297 3087 sancti
1321 3032 1395 3088 Petri
1417 3032 1455 3087 ad

348 3119 478 3175 uincula²
486 3130 515 3175 et
528 3120 729 3191 acquietabunt
741 3122 839 3176 omnia
848 3120 975 3175 dominia
985 3121 1147 3192 appreciata
1159 3138 1209 3191 per
1218 3120 1309 3176 visum
1322 3119 1454 3191 legalium

349 3208 495 3263 bominum
508 3208 568 3263 sine
581 3206 678 3279 aliqua
689 3208 848 3263 occasione.
881 3210 953 3263 ltem
967 3210 1108 3279 predictus
1121 3210 1220 3265 Abbas
1233 3209 1317 3265 debet
1329 3208 1456 3264 inuenire

349 3295 464 3350 cuilibet
477 3294 631 3350 carectario
644 3297 672 3349 in
685 3305 841 3365 autumpno
853 3296 978 3350 oblatum
992 3313 1096 3367 panem
1108 3306 1136 3351 et
1150 3296 1167 3366 ij
1181 3296 1283 3352 alleces
1296 3296 1362 3352 etc.³

400 3472 410 3505 ¹
427 3467 520 3516 Added
537 3466 562 3516 in
579 3482 595 3516 a
611 3467 725 3515 different
741 3466 820 3515 hand.
855 3466 909 3517 The
927 3466 1018 3517 license
1034 3466 1063 3516 os
1075 3467 1145 3532 King
1161 3468 1269 3518 Edward
1285 3470 1306 3519 Ι.
1322 3478 1347 3520 to
1362 3472 1426 3520 elect
1443 3485 1459 3519 a

353 3549 428 3613 prior,
442 3565 475 3598 on
488 3550 581 3614 receipt
596 3550 625 3599 ol
638 3549 680 3599 the
696 3566 764 3599 news
778 3550 809 3600 os
824 3551 893 3601 Prior
908 3549 1025 3613 Symon’s
1039 3552 1201 3617 resignation,
1215 3552 1236 3602 is
1251 3554 1327 3603 dated
1343 3570 1373 3604 ao
1383 3556 1457 3619 June,

356 3631 500 3697 1297(R0t.
521 3633 573 3681 Pat.
594 3648 623 3696 ²5
638 3633 709 3683 Edw.
726 3634 747 3683 1.
761 3650 794 3682 m.
810 3636 851 3698 4);
868 3636 918 3683 and
929 3634 968 3685 his
979 3644 1062 3685 assent
1080 3643 1106 3685 to
1118 3636 1160 3685 the
1177 3636 1283 3687 electior
1295 3636 1323 3686 ol
1337 3637 1458 3699 Benedict

354 3713 386 3761 de
397 3712 506 3771 Welton,
519 3729 568 3762 one
579 3714 608 3762 oi
616 3714 659 3763 the
670 3731 771 3776 canons,
787 3716 818 3767 26
827 3716 893 3781 June
907 3716 983 3781 (lbid.
998 3718 1036 3767 Pt.
1050 3730 1081 3767 11.
1094 3734 1127 3767 m.
1142 3719 1175 3779 a).

403 3796 414 3827 ¹
431 3797 548 3845 [ammas
560 3796 625 3861 Day,
643 3813 652 3845 1
667 3798 735 3863 Aug.

388 3876 416 4009 ss:
430 3878 494 3927 This
510 3880 651 3944 paragraph
667 3882 685 3906 ‘⁶
695 3882 821 3931 Tenentes
837 3883 978 3947 Prioris-ij
996 3882 1087 3933 alleces
1102 3882 1167 3934 etc.”
1182 3885 1204 3933 is
1219 3885 1243 3934 in
1260 3902 1275 3935 a
1289 3886 1357 3935 hand
1372 3887 1401 3936 oi
1418 3888 1460 3937 the

358 3977 386 4027 15
432 3968 497 4011 cent.
