3234 5059
364 388 435 459 ²44
645 364 842 441 Hundred
861 367 911 463 os
926 366 1038 467 Long
1063 368 1166 443 Stow
1346 367 1465 468 [noorr

361 552 589 634 geldabilibus.
631 551 758 617 [bidem
773 552 941 617 Robertus
956 553 999 617 de
1015 553 1125 617 Beche
1141 556 1275 618 teneti.
1291 556 1416 639 hydam
1433 565 1467 620 et

361 655 536 720 dimidiam
552 656 735 738 geldabiles
756 656 799 719 de
817 656 975 720 Hamone
992 658 1099 722 Peche
1113 678 1173 741 per
1186 658 1363 723 dimidium
1379 658 1467 723 feodi

362 760 389 823 .ἰ.
421 759 543 835 militis,
581 770 615 825 et
644 760 745 825 debet
775 763 817 825 ad
848 762 995 826 wardam
1027 761 1136 827 Castri
1166 762 1251 827 infra
1279 764 1332 829 iii.
1362 784 1468 828 annos

362 862 535 927 dimidiam
560 883 705 929 marcam
729 864 771 929 ad
796 863 880 930 duas
903 866 1001 942 vices,
1023 874 1057 930 et
1079 867 1181 931 debet
1204 868 1409 950 pontagium.

427 967 589 1051 Herdwyc
624 967 846 1052 [Hardwicir].
906 969 1060 1035 Libertas
1098 971 1254 1054 Elyensis
1291 971 1363 1055 [the
1402 971 1468 1055 Ely

363 1071 547 1156 franchise}

427 1176 548 1241 Eltesle
576 1175 757 1261 [Eitisley].
805 1178 971 1243 Henricus
997 1178 1040 1243 de
1071 1177 1192 1261 Longo
1222 1177 1353 1261 Campo
1375 1188 1469 1243 tenet

363 1281 498 1345 feodum
514 1282 541 1344 .ἰ.
557 1280 701 1365 [militis]
722 1282 765 1347 de
786 1282 926 1347 baronia
946 1283 990 1348 de
1009 1283 1199 1365 Mumbray‚
1214 1293 1249 1348 et
1264 1282 1414 1349 defendit
1434 1304 1470 1348 se

364 1405 423 1468 pro
446 1385 497 1449 iii.
521 1386 618 1467 hydis
634 1385 856 1469 geldabiiibus
872 1397 907 1451 et
922 1388 950 1451 .ἰ.
967 1387 1057 1465 roda,
1072 1396 1106 1452 et
1126 1387 1227 1453 debet
1243 1388 1271 1451 .ἰ.
1286 1397 1411 1451 sectam
1435 1395 1470 1450 et

363 1490 406 1554 de
428 1489 556 1554 auxilio
579 1492 783 1555 vicecomitis
806 1492 894 1556 ,iiiia
918 1491 1011 1570 .vi.d.,
1034 1501 1068 1557 et
1090 1490 1191 1557 debet
1216 1492 1421 1575 pontagium.

431 1592 616 1659 Granteden
647 1594 765 1679 [Little
793 1595 993 1679 Gransden].
1037 1596 1191 1662 Libertas
1222 1595 1376 1679 Elyensis
1398 1594 1470 1679 [the

367 1698 432 1782 Ely
457 1698 642 1783 franchise}

432 1802 790 1890 Stowe[LongStow].
837 1806 1014 1871 Villelmus
1025 1807 1069 1870 de
1081 1806 1194 1872 Stowe
1203 1815 1237 1871 ct
1248 1805 1470 1888 Baldcwynus

365 1909 547 1974 decadem
570 1920 686 1975 tenent
709 1912 748 1975 .ii.
772 1912 880 1995 hydas
903 1911 1086 1995 geldabiles
1109 1932 1168 1995 per
1189 1911 1365 1977 dimidium
1383 1910 1469 1975 feodi

366 2014 393 2079 .ἰ.
417 2013 531 2077 militis
560 2016 605 2079 de
635 2015 734 2080 feodo
764 2017 897 2082 abbatis
926 2017 970 2081 de
1001 2017 1199 2101 Rameseye,
1228 2027 1262 2082 et
1291 2016 1416 2081 debent
1442 2018 1469 2081 .ἰ.

365 2128 490 2183 sectam
513 2130 548 2185 et
571 2120 641 2205 [de]
664 2123 791 2186 auxilio
814 2122 1019 2188 vicecomitis
1048 2121 1137 2203 ‚iiijn
1184 2121 1314 2185 ibidem
1340 2122 1470 2203 Symon

366 2222 574 2288 Camerarius
597 2234 690 2289 tenet
713 2226 740 2290 .i.
765 2224 890 2309 hydam
914 2224 1114 2307 geldabilem
1146 2244 1205 2306 per
1230 2223 1400 2305 socagium
1428 2224 1470 2287 de

365 2326 516 2391 Galsrido
532 2328 575 2391 de
591 2329 746 2394 Scalariis
766 2330 809 2394 de
831 2329 998 2405 Waddon,
1013 2338 1047 2392 et
1062 2329 1163 2392 debet
1185 2329 1211 2392 .ἰ.
1228 2338 1352 2392 sectam
1368 2349 1470 2410 quam

367 2431 479 2495 Adam
512 2430 604 2495 Albt'
636 2433 713 2497 facit
744 2454 804 2516 pro
838 2455 879 2497 eo
912 2435 945 2497 in
977 2434 1138 2497 comitatu
1168 2442 1203 2495 et
1235 2431 1349 2494 Petrus
1385 2431 1471 2495 tilius

365 2536 554 2600 Alexandri
579 2557 639 2619 pro
663 2558 703 2600 eo
729 2538 762 2601 in
790 2536 973 2613 hundredo,
996 2545 1030 2599 et
1052 2538 1095 2601 de
1117 2536 1245 2599 auxilio
1267 2536 1471 2600 vicecomitis

366 2660 433 2704 .xx.
457 2638 619 2704 denarios.
1484 2621 1487 2630 ¹

248 2744 353 2808 turb
431 2744 750 2828 Brunne[Boume].
798 2745 965 2810 Robertus
985 2746 1066 2810 Mile
1082 2754 1174 2809 tenet
1191 2745 1324 2809 feodum
1340 2746 1470 2809 dimidii

367 2850 480 2915 militis
510 2851 553 2914 de
586 2850 742 2914 Hamone
774 2850 882 2915 Peche
911 2853 954 2915 de
984 2851 1110 2914 honore
1141 2850 1285 2925 Peuerel,
1310 2860 1344 2913 et
1369 2850 1471 2914 debet

366 2954 511 3017 wardam
529 2953 637 3019 castri
656 2954 830 3017 dimidiam
853 2975 998 3018 marcam
1015 2953 1099 3017 inira
1114 2964 1181 3017 tres
1196 2974 1302 3017 annos
1322 2956 1364 3017 ad
1386 2956 1471 3018 duos

365 3059 462 3133 vices,
477 3066 511 3122 et
526 3058 627 3122 debet
648 3060 854 3142 pontagium.
903 3060 1031 3124 Ibidem
1050 3058 1180 3121 Alanus
1195 3057 1238 3121 de
1259 3057 1355 3121 Turri
1378 3068 1471 3123 tenet

367 3162 501 3227 feodum
538 3164 565 3227 .ἰ.
602 3163 716 3227 militis
752 3164 794 3227 de
824 3164 950 3227 honore
985 3162 1208 3227 Richmondie
1241 3172 1276 3226 et
1312 3164 1411 3227 debet
1442 3166 1470 3228 .ἰ.

367 3276 502 3343 sectam,
518 3276 550 3330 et
566 3267 609 3330 de
624 3266 751 3330 auxilio
766 3265 970 3331 vicecomitis
986 3266 1050 3329 iis.
1096 3264 1227 3328 ibidem
1242 3264 1413 3347 Jobannes
1428 3266 1471 3330 de

367 3370 493 3453 Verley
504 3380 596 3435 tenet
611 3370 672 3435 ‚vii
689 3370 795 3453 hydas
816 3380 902 3435 terre
917 3369 1041 3433 scilicet
1056 3370 1083 3434 .ἰ.
1099 3369 1213 3433 hidam
1229 3379 1264 3432 et
1278 3377 1345 3433 tres
1361 3380 1472 3451 partes

367 3476 462 3539 vnius
478 3474 568 3557 hyde
584 3494 642 3557 per
658 3474 834 3538 dimidium
851 3473 938 3537 feodi
955 3472 1069 3537 militis
1084 3471 1127 3536 de
1143 3470 1242 3535 feodo
1259 3470 1397 3537 Roberti
1414 3473 1471 3536 iiiii

368 3578 507 3643 Walteri
524 3589 557 3642 et
572 3579 673 3642 debet
694 3580 721 3643 .ἰ.
738 3588 874 3655 sectam,
888 3588 923 3643 et
937 3578 981 3642 de
995 3577 1124 3642 auxilio
1140 3578 1342 3641 vicecomitis
1358 3580 1471 3644 .xxi.d.
1487 3639 1489 3642 .

369 3684 415 3748 Et
430 3684 600 3748 sciendum
622 3684 711 3766 quod
735 3681 859 3746 ibidem
881 3691 960 3745 sunt
975 3681 1041 3746 .xii.
1055 3680 1146 3764 hyde
1160 3689 1194 3743 et
1210 3681 1348 3745 dimidia
1364 3692 1474 3764 preter

367 3797 490 3853 terram
508 3788 627 3851 Prioris
649 3790 692 3852 de
716 3786 918 3852 Bernewelle
940 3796 974 3851 et
995 3796 1118 3851 terram
1143 3786 1263 3849 Prioris
1285 3788 1328 3850 de
1347 3787 1473 3853 Sancto

370 3893 489 3956 Neoto.

437 3994 662 4077 Gamlingeye
696 3994 938 4080 [Gamlingay].
998 3996 1166 4060 Robertus
1208 3995 1338 4060 Auenel
1380 4008 1473 4063 tenet

371 4102 504 4167 feodum
540 4100 671 4163 dimidii
707 4100 822 4165 militis
859 4101 902 4165 de
937 4100 1064 4164 honore
1100 4100 1258 4164 Bononie.
1304 4102 1473 4167 Walterus

370 4208 413 4272 de
425 4207 603 4289 Leycestre
615 4213 706 4269 tenet
720 4205 854 4269 feodum
870 4205 1000 4269 dimidii
1016 4204 1131 4270 militis
1146 4204 1189 4269 de
1204 4205 1323 4271 eodem
1339 4206 1473 4273 honore.

372 4310 540 4377 Gilbertus
567 4308 653 4373 filius
679 4310 809 4374 Thome
836 4321 928 4375 tenet
960 4310 1093 4375 feodum
1125 4309 1255 4374 dimidii
1286 4311 1399 4375 militis
1428 4315 1474 4379 de

371 4418 496 4481 honore
518 4415 561 4481 dc
585 4413 703 4480 Neuill.
