3234 5059
145 354 176 454 1]
389 358 450 453 Os
467 357 528 430 the
553 357 692 430 Priore
716 355 797 428 and
818 355 921 428 their
942 364 1018 427 acts
1083 333 1087 343 ⁸
1203 360 1249 446 65

404 598 456 660 41.
500 579 553 644 De
573 580 718 645 Ricardo
740 580 847 644 Norcl
865 579 992 643 Priore.

211 725 381 791 Defuncto
404 735 516 791 autem
544 727 652 810 priore
678 727 828 792 Gerardo
854 726 1012 790 successit
1034 725 1064 788 ei
1089 720 1252 787 Ricardus
1267 724 1374 824 ᾗξξζῗῐᾰ

146 829 248 893 Norel
276 832 326 895 uir
350 832 532 915 religiosus,
559 830 715 915 simplex,
744 841 779 896 et
808 829 1050 914 pusillanimus,
1080 830 1137 912 qui
1168 846 1252 892 onus
1265 825 1416 927 {ffffiss'

146 934 313 1017 regiminis
345 937 507 1000 sustinere
538 956 603 999 non
635 934 821 1018 preualens,
851 934 1004 999 salutatis
1033 932 1189 997 fratribus
1219 941 1253 995 et

145 1037 312 1115 osculatis,
334 1040 419 1103 inira
442 1040 613 1103 biennium
637 1050 757 1123 sponte
780 1040 924 1111 recessit,
948 1049 983 1104 et
1009 1037 1117 1103 Gallie
1142 1044 1253 1119 partes

145 1142 271 1217 adiens,
292 1153 410 1225 postea
434 1164 499 1207 non
523 1143 718 1225 comparuit.

198 1349 249 1412 42.
294 1332 347 1397 De
367 1335 506 1418 Hugone
527 1335 725 1400 Dormsman
748 1336 867 1400 Priore
887 1346 919 1399 et
940 1335 1032 1400 illius
1053 1333 1200 1399 bonitate.

212 1479 290 1563 Quo
310 1481 485 1546 recedente
506 1485 645 1548 accessit
661 1484 704 1547 ad
722 1485 909 1548 Prioratum
925 1484 975 1547 vir
990 1501 1122 1547 summa
1137 1481 1254 1546 libera-
1269 1488 1373 1581 ἓξὲξ..

146 1585 240 1649 litate
252 1595 285 1650 et
298 1586 512 1668 benignitate,
525 1588 693 1669 predictus
711 1588 816 1670 Hugo
832 1587 1050 1664 Domesman,
1065 1585 1254 1661 canonicus,
1268 1601 1351 1681 gap,

147 1689 263 1754 iratres
293 1691 374 1753 satis
404 1691 556 1772 diligens,
583 1701 616 1755 et
643 1691 687 1755 ab
716 1692 763 1754 eis
794 1692 876 1754 satis
905 1689 1054 1765 dilectus,
1082 1690 1139 1773 qui
1169 1689 1255 1754 adeo
1264 1690 1400 1793 {22¹5

147 1793 327 1857 liberaliter
352 1804 386 1857 et
411 1794 578 1859 socialiter
600 1796 757 1861 iratribus
780 1797 812 1858 in
837 1795 982 1859 claustro
1005 1794 1255 1859 considentibus

147 1898 361 1975 considebat;
392 1900 478 1963 adeo
507 1897 649 1963 dulciter
674 1911 708 1963 et
735 1898 954 1965 amicabiliter
985 1900 1017 1962 in
1045 1897 1194 1981 capitulo
1221 1899 1253 1962 in

148 2000 303 2067 iratribus
325 2002 520 2081 clamandis,
534 2014 569 2068 et
592 2005 785 2069 excessibus
807 2004 1020 2087 corrigendis,
1035 2003 1255 2086 procedebat3

147 2108 233 2171 adeo
248 2105 428 2172 liberaliter
447 2117 480 2172 et
499 2108 660 2191 hylariter
680 2110 712 2171 in
730 2108 903 2172 refectorio
918 2107 1012 2172 uultu
1029 2107 1091 2191 [et]
1107 2115 1203 2190 gestu
1220 2128 1255 2171 se

146 2212 294 2294 gerebat,
316 2223 353 2277 ut
378 2234 398 2277 a
423 2213 593 2278 nonnullis
615 2216 678 2279 sibi
703 2216 746 2278 ad
770 2214 960 2279 fatuitatem
983 2222 1200 2297 reputaretur,
1222 2222 1257 2276 et

148 2336 215 2378 non
238 2337 379 2399 preesse,
401 2318 461 2382 sed
483 2338 606 2396 coesse,
629 2319 682 2382 uel
707 2319 843 2383 subesse
867 2319 1038 2383 diceretur.
1086 2319 1155 2381 lste
1177 2338 1257 2380 uero

147 2419 237 2484 beati
261 2420 375 2504 Egidij
399 2422 536 2486 ecclesie
559 2443 618 2486 sue
645 2423 777 2504 patroni
800 2442 861 2504 per
883 2422 998 2485 omnia
1019 2417 1157 2486 'secutus
1184 2441 1256 2485 ues-

147 2524 238 2607 tigia,
253 2527 447 2607 parentibus
461 2528 532 2591 eius
548 2527 581 2590 in
598 2547 681 2610 pace
696 2526 871 2603 defunctis,
888 2526 1079 2611 patrimonii
1100 2526 1150 2590 sui
1166 2525 1256 2608 quod
1271 2549 1288 2599 f.
1300 2549 1356 2598 „b

148 2627 229 2693 satis
245 2648 405 2712 magnum
422 2641 627 2694 remanserat
642 2629 811 2694 Christum
829 2628 908 2693 iecit
922 2630 1087 2694 heredem.
1133 2628 1256 2694 Totam

149 2742 271 2797 terram
293 2733 429 2799 Osberti
451 2735 658 2799 Domesman
670 2734 775 2818 patris
790 2735 841 2797 sui
856 2733 982 2798 scilicet
997 2734 1124 2817 sepcies
1140 2733 1257 2816 viginti

148 2858 242 2901 acras
272 2838 305 2901 in
335 2841 463 2923 campis
493 2841 537 2905 de
570 2840 795 2923 Cantebrigia,
826 2859 887 2903 nec
917 2860 985 2905 non
1019 2858 1192 2903 mansuras
1224 2838 1257 2901 in

149 2942 256 3025 burgo
282 2962 385 3025 quam
408 2944 528 3027 plures,
547 2943 579 3007 in
604 2962 818 3007 communem
843 2942 980 3007 fratrum
1003 2942 1148 3008 deduxit
1169 2941 1258 3007 utili-

148 3055 262 3110 tatem.
318 3046 413 3112 Duas
448 3049 556 3131 hydas
591 3058 678 3113 terre
707 3049 741 3111 in
773 3047 1026 3131 Maddingelaia
1055 3046 1259 3130 adquisiuit;

149 3151 324 3216 ecclesiam
352 3152 395 3216 de
422 3153 598 3218 Wendena
625 3152 834 3236 negligencia
860 3152 911 3216 sui
936 3152 1177 3235 predecessoris
1201 3151 1258 3215 de·

150 3255 314 3339 perditam
332 3259 501 3321 reuocauit
507 3280 515 3336 ;
534 3259 776 3341 possessionem
794 3257 941 3340 aliquam
958 3276 1140 3339 numquam
1157 3255 1258 3319 alien-

150 3361 229 3439 auit,
245 3380 306 3424 nec
322 3382 381 3444 spe
397 3361 450 3425 uel
466 3362 650 3443 cupiditate
671 3362 811 3443 pecunie
835 3361 1048 3443 adipiscende
1063 3359 1260 3423 hereditarie

150 3465 249 3529 alicui
271 3464 420 3529 contulit.
468 3465 687 3529 Postmodum
712 3463 744 3527 in
768 3465 964 3547 languorem
987 3462 1144 3526 decidens
1168 3464 1259 3527 incu-

150 3569 301 3648 rabilem,
325 3579 360 3634 et
386 3591 466 3633 oues
494 3569 556 3633 sibi
587 3569 782 3633 commissas
813 3568 878 3632 deo
907 3567 1157 3644 commendans,
1183 3576 1260 3651 post

151 3684 342 3757 susceptum
364 3673 550 3738 Prioratum
566 3693 655 3737 anno
671 3672 830 3736 vicesimo
845 3672 1002 3755 migrauit
1017 3672 1060 3736 ad
1076 3672 1259 3736 dominum.

150 3871 203 3935 43.
248 3852 300 3918 Dc
321 3852 459 3917 Roberto
481 3852 601 3917 Priore
625 3862 656 3917 et
677 3851 769 3917 illius
790 3850 931 3916 bonitate
951 3862 1152 3936 cognomento
1177 3849 1259 3925 Joel.

217 3992 373 4075 Suscepit
397 4002 509 4056 autem
535 4000 613 4074 post
639 4010 715 4053 eum
740 4010 825 4054 onus
849 3989 1017 4072 regiminis
1040 3992 1090 4053 uir
1113 3989 1262 4055 inaudite
1275 3998 1415 4090 m„

151 4096 339 4160 seueritatis
374 4105 408 4160 et
442 4094 655 4170 austeritatis,
689 4093 857 4157 Robertus
892 4093 1081 4167 canonicus,
1116 4113 1183 4175 quo
1217 4096 1260 4157 ad
1275 4077 1423 4150 τηε-ιη’

152 4200 392 4285 increpandum
429 4200 539 4263 nullus
570 4200 735 4277 seuerior;
772 4198 816 4262 ad
848 4197 1158 4281 reprehendendum
1189 4198 1261 4261 nul-

151 4306 204 4369 lus
239 4306 409 4369 austerior.
466 4302 534 4367 Hic
563 4301 699 4385 quidem
737 4321 873 4366 manum
904 4322 998 4366 suam
1037 4302 1187 4366 mittens¹
1217 4302 1260 4366 ad

586 4431 595 4464 ¹
612 4432 749 4493 mittentes,
769 4432 827 4483 MS.

233 4552 260 4594 e·
1164 4548 1179 4608 s
