3234 5059
136 398 218 503 v11]·
416 402 453 474 T
445 411 577 475 enanis
604 402 645 474 in
679 398 944 496 th'tllesford
1170 416 1239 489 315

202 586 366 650 Ricardus
386 585 417 649 le
438 586 620 650 mareschal
642 595 734 650 tenet
755 586 789 648 in
813 582 1003 667 Briggeield
1025 582 1054 665 .j.
1076 602 1187 645 acram
1208 589 1242 643 et

136 690 310 755 dimidiam
341 698 374 753 et
404 689 433 771 .j.
460 690 588 765 rodam,
614 699 649 753 et
679 689 787 752 iacent
820 688 905 751 inter
936 696 1056 749 terram
1094 683 1243 767 magistri

136 794 276 858 Walteri
303 804 338 858 et
362 802 484 858 terram
511 791 658 857 Radulfii
685 792 729 855 de
756 790 1009 867 Dokesworthe,
1031 799 1066 853 et
1088 789 1244 855 abuttant

136 907 378 981 superterram
403 897 608 979 Baldewyni.
655 896 742 960 Item
765 904 859 959 tenet
881 894 909 976 .j.
931 915 1043 959 acram
1068 894 1101 957 in
1123 893 1243 958 eodem

136 1023 258 1086 campo
280 1002 377 1067 iuxta
400 1012 522 1065 terram
546 1000 678 1065 Thome
702 999 881 1082 Carectarij
908 1010 942 1063 et
965 999 1122 1063 abuttant
1145 1018 1245 1080 super

136 1108 343 1172 Yeuestrate.
380 1106 465 1169 Item
479 1115 572 1168 tenet
584 1106 617 1167 in
631 1104 835 1170 Stonhilfeld
848 1105 876 1186 .j.
890 1126 1001 1168 acram
1014 1114 1048 1168 et
1059 1103 1244 1179 dimidiam,

6 1199 7 1218 ¹
135 1220 170 1274 et
188 1209 301 1292 jacent
320 1210 406 1273 inter
425 1217 547 1273 terram
565 1208 726 1271 Willclmi
741 1210 784 1273 de
800 1208 1022 1285 Stachedene,
1037 1218 1071 1271 et
1086 1207 1244 1271 abuttant

136 1336 236 1398 super
250 1324 373 1379 terram
389 1313 540 1397 magistri
556 1313 705 1378 Walteri.

730 1416 874 1481 Summa
888 1414 954 1498 iiij.
969 1437 1044 1480 acre
1059 1425 1093 1479 et
1108 1414 1137 1496 .j.
1154 1414 1244 1477 roda.

203 1522 404 1605 Radulphus
421 1520 464 1585 de
485 1520 706 1586 Dokeswrthe
721 1531 814 1587 tenet
830 1522 862 1585 in
881 1521 1071 1604 Briggefeld
1087 1520 1116 1603 .j.
1132 1538 1243 1584 acram

135 1636 170 1691 et
193 1626 367 1690 dimidiam
391 1637 426 1691 et
447 1626 476 1709 .j.
500 1627 627 1704 rodam,
649 1636 684 1690 et
703 1626 817 1709 jacent
841 1627 926 1690 inter
948 1636 1070 1689 terram
1095 1624 1244 1708 magistri

137 1731 279 1795 Walteri
306 1741 340 1795 et
366 1740 488 1795 terram
517 1731 653 1796 Ricardi
681 1731 878 1809 Marescalli,
903 1740 937 1795 et
963 1730 1120 1795 abuttant
1147 1751 1246 1813 super

136 1843 259 1899 terram
284 1834 488 1917 Baldewyni.
960 1834 1101 1900 Summa
1117 1834 1244 1898 eadem.

203 1938 353 2003 Thomas
376 1938 492 2005 Hakct
512 1949 604 2005 tenet
620 1940 654 2003 in
672 1940 876 2006 Stonhiiseld
893 1940 921 2023 .j.
938 1961 1048 2005 acram
1065 1951 1151 2005 terre
1166 1950 1200 2004 et
1215 1939 1244 2022 .j.
1258 1950 1276 2000 f.
1292 1949 1337 2014 ¹7⁶

137 2043 253 2107 rodam
278 2043 405 2108 scilicet
431 2044 465 2109 in
490 2044 654 2109 Pesclond
677 2045 764 2110 inter
787 2054 910 2110 terram
935 2046 1076 2128 predicti
1100 2044 1243 2127 Philippi

137 2168 181 2210 ex
211 2157 351 2232 vtraque
384 2159 487 2232 parte,
516 2159 551 2213 et
585 2149 719 2215 abuttat
754 2170 855 2233 super
884 2159 1005 2214 terram
1040 2148 1178 2212 Walteri
1214 2148 1244 2211 le

138 2249 358 2332 Frankeleyn.
952 2252 1094 2318 Summa
1117 2252 1244 2315 eadem.

203 2354 386 2419 Nicholaus
402 2354 575 2420 Bercarius
590 2364 683 2421 tenet
698 2357 732 2420 in
750 2355 952 2422 Stonhilfeld
968 2356 1021 2438 iij.
1036 2354 1144 2432 rodas,
1160 2356 1246 2419 inter

137 2470 258 2523 terram
280 2460 420 2543 predicti
442 2460 587 2545 Philippi
608 2462 641 2525 in
665 2461 830 2525 Peselond
851 2472 885 2525 et
906 2469 1027 2525 terram
1051 2458 1244 2541 Baidewyni

137 2562 180 2627 de
196 2562 350 2645 Romely,
361 2572 396 2627 et
408 2565 565 2629 abuttant
576 2585 677 2647 super
689 2575 812 2628 terram
829 2564 968 2628 Walteri
981 2564 1012 2627 le
1026 2563 1243 2643 Frankeleyn.

139 2667 185 2730 Et
215 2666 302 2730 idem
336 2668 519 2733 Nicholaus
549 2678 642 2733 tenet
672 2669 798 2734 dictam
829 2677 951 2733 terram
982 2668 1025 2732 de
1056 2668 1188 2731 Thoma
1214 2667 1245 2730 le

139 2769 277 2852 Draper.

202 2874 373 2957 Johannes
391 2875 483 2939 Mille
500 2886 592 2941 tenet
608 2876 641 2939 in
659 2876 849 2961 Briggefeld
867 2876 919 2958 iij.
938 2877 1035 2940 rodas
1052 2886 1136 2939 terre
1148 2876 1245 2939 iuxta

138 2988 259 3043 terram
277 2979 415 3061 predicti
433 2979 587 3063 Philippi,
601 2990 635 3045 et
651 2981 810 3045 abuttant
826 3001 925 3064 super
942 2980 1192 3045 Watlowedole.

204 3083 372 3147 Walterus
387 3083 556 3148 Mortelak
568 3094 662 3149 tenet
676 3085 710 3147 in
729 3083 932 3149 Holmisfeld
946 3085 1120 3149 dimidiam
1134 3104 1243 3147 acram

138 3197 224 3251 terre
245 3188 278 3249 in
300 3186 490 3252 Stonimere
505 3188 591 3252 inter
611 3199 734 3252 terram
756 3188 894 3272 predicti
913 3187 1057 3271 Philippi
1074 3196 1108 3251 et
1123 3197 1243 3252 terram

141 3290 278 3354 Henrici
306 3291 474 3374 prepositi.
520 3291 616 3356 idem
643 3291 810 3357 Walterus
833 3302 925 3356 tenet
948 3293 980 3355 in
1008 3312 1129 3375 campo
1155 3291 1244 3374 apud

140 3395 345 3460 Middelmor
373 3394 427 3477 iij.
457 3394 556 3458 rodas
592 3396 678 3459 inter
707 3404 829 3460 terram
866 3395 1005 3480 predicti
1038 3395 1181 3479 Philippi
1212 3406 1246 3459 et

139 3510 260 3563 terram
288 3500 438 3583 magistri
465 3498 614 3563 Walteri.
662 3499 757 3563 idem
788 3509 881 3565 tenet
911 3501 945 3563 in
975 3500 1094 3563 eodem
1125 3518 1245 3581 campo

139 3604 227 3686 apud
252 3603 369 3667 Tostes
389 3602 418 3686 .j.
439 3602 613 3668 dimidiam
634 3623 745 3668 acram
767 3604 865 3668 iuxta
888 3614 1010 3667 terram
1034 3602 1179 3686 Philippi
1202 3603 1246 3666 de

140 3708 360 3789 Scyrebume.

205 3809 394 3874 Willelmus
418 3808 505 3874 filius
531 3809 655 3893 Rogeri
682 3819 775 3874 tenet
798 3810 833 3873 in
857 3810 1047 3893 Briggeield
1071 3810 1124 3892 iij.
1147 3811 1246 3874 rodas

139 3926 224 3979 terre
246 3915 331 3979 inter
346 3925 467 3979 terram
483 3914 564 3978 dicti
581 3914 726 3999 Philippi
742 3926 777 3980 et
792 3925 915 3979 terram
933 3915 1082 3998 magistri
1099 3914 1247 3991 Walteri,

139 4030 173 4085 et
188 4020 344 4084 abuttant
359 4039 460 4103 super
476 4020 621 4085 Estmor.

207 4124 427 4208 Baldewynus
451 4124 597 4208 Dakeny
617 4133 709 4189 tenet
730 4125 784 4191 ,ia
804 4145 899 4189 acras
917 4134 1002 4189 terre
1025 4126 1058 4187 in
1080 4123 1247 4189 Charche-

140 4230 224 4295 croit
245 4233 331 4295 inter
350 4240 454 4295 terras
476 4230 626 4295 eiusdem
649 4229 844 4312 Baldewyni
868 4250 912 4292 ex
935 4239 1076 4311 vtraque
1097 4237 1192 4312 parte
1215 4238 1249 4292 et

140 4336 297 4400 abuttant
312 4355 412 4418 super
425 4333 566 4399 crottam
582 4334 716 4399 Thome
733 4334 857 4399 Haket

208 4439 337 4523 Symon
359 4448 522 4503 mercator
541 4448 636 4503 tenet
656 4440 691 4503 in
715 4436 918 4502 Holmisseld
933 4435 1024 4519 apud
1043 4436 1249 4513 Heldrestub
