3234 5059
377 410 417 483 A
450 408 607 484 Conon’s
632 408 785 483 Letters
811 409 1028 508 ommory
1216 437 1259 505 19

160 592 289 649 confrater
307 602 401 649 vester
420 593 448 647 in
471 590 645 648 monasterio
665 599 759 647 vestro
780 590 832 647 rite
850 590 995 663 professus
1012 609 1047 649 ex
1065 592 1150 649 certis
1168 580 1262 649 causis

159 680 280 751 legitimis
296 700 314 737 a
331 691 425 738 vestro
437 680 610 737 monasterio
626 681 656 735 in
673 690 800 735 nostrum
818 680 975 752 prioratum
987 680 1157 752 paternitate
1168 690 1264 739 restra

158 770 260 827 favente
283 770 313 825 in
337 769 482 842 utriusque
509 767 624 826 homnis
652 769 696 825 sui
722 768 916 825 saluacionem
944 778 974 826 et
1000 785 1101 840 pacem
1130 770 1208 841 cupit
1232 786 1263 824 se

157 858 284 915 transferi.
323 858 426 915 Sciatis
444 856 456 930 [
669 855 681 929 ]
702 858 785 913 nobis
807 857 837 911 in
856 857 971 913 Christo
988 856 1124 913 dilectum
1142 874 1263 929 perros

157 945 276 1015 primitus
300 945 437 1017 legittime
462 946 642 1003 licenciatum
664 954 692 1001 et
717 944 868 1001 dimissum
888 963 924 1001 ex
946 945 1071 1001 unanimi
1094 963 1212 1002 assensu
1234 955 1263 1001 et

156 1050 288 1089 consensu
301 1035 393 1089 tocius
405 1033 519 1106 capituli
533 1034 619 1089 vestri
632 1033 780 1089 uobiscum
798 1032 1007 1105 imperpetuum
1022 1043 1262 1089 commoraturum

155 1122 201 1177 sub
217 1122 394 1193 regularibus
406 1122 568 1194 disciplinis
584 1138 634 1193 per
650 1139 703 1177 nos
720 1121 845 1191 legitime
860 1131 1006 1193 receptum
1018 1120 1078 1177 sore
1089 1139 1124 1177 ex
1135 1122 1262 1178 vnanimi

155 1222 265 1261 assensu
288 1215 317 1262 et
341 1221 484 1261 concensu
509 1204 600 1261 tocius
624 1205 740 1275 capituli
766 1205 856 1261 nostri
881 1214 978 1261 tenore
1002 1204 1188 1276 presencium.
1227 1206 1262 1259 ln

153 1292 227 1348 cuius
246 1293 285 1349 rei
304 1294 500 1371 testimonium
525 1364 528 1373 Ι
630 1364 634 1370 ,
719 1362 723 1371 ,

188 1433 361 1513 ¹Venerabili
384 1444 412 1492 et
433 1433 564 1505 religioso
583 1432 644 1491 viro
662 1433 740 1491 fratri
755 1431 781 1505 .[·
834 1491 837 1495 ,
985 1430 1101 1503 ]priori
1121 1430 1261 1503 prioratus

143 1519 191 1578 .de'
213 1524 332 1597 Stnnley
360 1510 537 1579 lincolniensi
558 1520 673 1599 ¹diocesi
702 1530 731 1577 et
761 1516 889 1579 eiusdem
919 1522 974 1577 loci
1003 1520 1155 1577 conuentui
1185 1519 1262 1591 prior

144 1610 315 1679 'lionasterii
336 1602 436 1665 sancti'
448 1608 542 1681 Egidii
563 1608 599 1683 de
622 1596 880 1681 Bamewell'iuxta
904 1607 1118 1687 (Jantabrigiam
1142 1599 1259 1689 Elyens'i

148 1686 252 1755 diocesi
268 1707 298 1754 et
314 1692 519 1755 eiusdem‘loci·¹
531 1706 689 1753 conuentus
706 1698 835 1753 Salutem
851 1696 880 1751 in
899 1696 1025 1752 omnium
1038 1695 1180 1751 saluatore
1192 1694 1261 1766 quia

148 1778 265 1843 dilectus
282 1785 365 1842 nobis
383 1786 411 1841 in
425 1784 563 1857 Christo[
776 1782 788 1856 ]
800 1782 956 1841 canonieus
967 1792 996 1839 et
1011 1781 1153 1839 confrater
1163 1792 1261 1839 noster

146 1873 174 1927 in
193 1874 373 1931 Monasterio
393 1884 491 1929 nostro
512 1874 575 1929 Rite
593 1872 789 1945 professus-ex
807 1872 892 1943 certis
909 1872 1004 1927 causis
1021 1871 1155 1943 legitimis
1176 1871 1259 1927 nobis

145 1962 318 2031 preostensis
335 1962 439 2033 pan‘ter
455 1970 483 2016 et
500 1960 621 2031 cognitis
638 1978 656 2015 a
672 1968 770 2015 nostro
785 1958 962 2015 Monasterio
974 1959 1004 2013 in
1016 1969 1141 2015 vestrum
1153 1958 1259 2030 priora-

144 2058 203 2115 tum
222 2049 394 2121 paternitate
409 2057 507 2110 ¹vestra
524 2048 637 2117 favente
650 2042 685 2102 ¹in
700 2045 985 2119 vtriusqueshuminis
1004 2044 1047 2101 sui
1066 2046 1258 2101 saluacionem

143 2142 170 2193 et
190 2154 293 2208 pacem
313 2137 392 2208 cupit
411 2154 442 2211 se
463 2132 600 2193 transferi.
631 2135 742 2192 'Sciatis
762 2134 903 2207 prelatum
921 2124 952 2206 [¹
1063 2198 1068 2206 .
1145 2132 1259 2206 ]nobis

141 2224 170 2279 in
193 2224 310 2281 Christo
331 2224 466 2281 dilectum
487 2240 537 2295 per
554 2241 606 2279 vos
624 2223 754 2295 primitus
771 2222 898 2295 legitime
916 2210 1060 2295 receptum
1078 2242 1113 2279 ex
1130 2223 1258 2279 unanimi

142 2329 264 2369 assensu
286 2321 314 2368 et
335 2329 476 2369 consensu
498 2312 588 2369 tocius
614 2312 737 2384 Capituli
762 2313 848 2368 vestri
873 2312 1021 2367 vobiscum
1047 2312 1257 2383 lmperpetuum

139 2400 447 2457 commoraturumeub
459 2397 633 2470 regularibus
643 2397 802 2471 'disciplinis
814 2416 865 2471 per
876 2397 930 2455 nos
941 2398 1066 2469 legitime
1077 2398 1258 2455 licenciatum

140 2495 169 2541 et
181 2485 335 2541 dimissum
347 2486 407 2541 fore
419 2502 453 2541 ex
465 2484 591 2539 unanimi
604 2500 722 2539 assensu
735 2494 763 2539 et
776 2500 917 2539 consensu
932 2484 1024 2539 tocius
1036 2483 1152 2555 capituli
1169 2484 1257 2539 nostri

138 2580 243 2628 tenore
255 2572 441 2642 presencium.
481 2572 515 2625 In
527 2570 607 2626 cuius
619 2570 659 2627 rei
671 2567 877 2641 testimonium]
