3234 5059
345 335 415 421 296
695 333 857 406 Tonants
884 331 925 405 in
951 333 1085 407 Bourn
1327 328 1446 429 [aoox

340 517 581 601 Apostolorum
599 521 686 585 Petri
703 530 737 584 et
750 520 853 598 Pauli,
868 519 1017 605 qualibet
1032 519 1219 602 septimana
1234 528 1301 583 tres
1315 539 1443 603 operas,

340 631 374 685 et
403 623 510 687 arabit
540 634 578 689 ut
608 646 716 708 supra,
747 626 808 689 nisi
840 624 961 689 festum
993 625 1188 708 impedierit
1235 624 1281 688 Et
1310 645 1331 687 a
1360 624 1446 688 sesto

341 725 515 792 beatorum
540 729 627 794 Petri
650 740 684 795 et
708 730 801 794 Pauli
826 751 931 814 usque
950 730 994 794 ad
1013 730 1134 795 sectum
1151 730 1256 794 sancti
1274 728 1447 793 Michaelis

341 832 490 914 qualibet
513 834 700 918 septimana
729 837 876 919 quinque
902 855 1028 919 operas
1074 836 1127 900 lta
1156 834 1282 899 scilicet
1311 835 1447 917 quando

341 935 442 1000 debet
457 938 610 1003 triturare
630 940 662 1003 in
683 940 824 1023 grangia
844 940 943 1003 debet
964 941 1117 1004 triturare
1137 937 1253 1020 xxiiij.
1269 937 1389 1020 garbas
1403 938 1447 1000 de

342 1041 517 1119 frumento,
547 1052 580 1107 et
611 1044 653 1107 de
683 1044 785 1108 ordeo
808 1065 903 1107 xxx.
933 1044 1061 1126 garbas.
1106 1042 1153 1105 Et
1181 1043 1317 1126 quando
1347 1040 1448 1105 debet

342 1145 474 1220 fossam,
497 1145 598 1211 debet
621 1145 744 1211 sossare
774 1146 949 1211 dimidiam
972 1166 1083 1210 acram
1105 1145 1148 1209 de
1172 1146 1298 1209 fossato
1321 1154 1446 1228 aperto.

342 1250 388 1313 Et
410 1250 452 1313 de
476 1249 601 1315 lossato
623 1252 666 1315 de
689 1272 779 1315 nouo
801 1252 891 1316 facto
914 1271 1014 1314 vnam
1038 1250 1154 1315 rodam
1177 1269 1238 1333 pro
1259 1270 1327 1313 vno
1346 1269 1446 1333 opere

341 1352 528 1436 separatim.
574 1352 620 1418 Et
650 1354 801 1437 operabit
831 1355 865 1418 in
887 1354 978 1419 curia
1001 1374 1061 1435 pro
1086 1374 1152 1417 vno
1176 1373 1276 1436 opere
1302 1374 1323 1417 a
1347 1372 1446 1416 mane

341 1456 504 1540 usquead
525 1456 640 1522 horam
661 1479 793 1524 nonam.
840 1460 886 1523 Et
905 1458 1059 1523 serclabit
1079 1479 1138 1541 per
1152 1467 1261 1522 totum
1276 1457 1366 1523 diem
1387 1477 1448 1540 pro

341 1582 407 1625 vno
422 1581 531 1645 opere.
576 1564 622 1629 Et
642 1564 790 1628 auerabit
812 1563 901 1647 apud
925 1562 1135 1639 Bemewelle,
1150 1563 1202 1627 vel
1218 1561 1308 1645 apud
1325 1560 1445 1625 Cante-

341 1665 491 1747 brigiam,
507 1668 549 1730 ad
565 1667 771 1731 voluntatem
797 1666 924 1731 domini
948 1668 1067 1731 Prioris
1089 1687 1149 1749 pro
1163 1687 1230 1729 vno
1247 1686 1355 1749 opere.
1401 1664 1446 1728 Et

341 1768 477 1834 saltabit
491 1791 552 1853 pro
568 1792 667 1854 opere
686 1772 869 1837 allocando.
916 1774 961 1836 Et
978 1773 1049 1856 ipsa
1064 1782 1098 1835 et
1112 1772 1192 1853 socij
1210 1772 1259 1833 sui
1275 1768 1446 1833 habebunt

340 1894 400 1937 sex
417 1874 577 1939 denarios.
625 1876 670 1939 Et
687 1878 834 1941 seruiens
849 1878 976 1942 domini
993 1878 1114 1941 Prioris
1129 1878 1238 1940 tradet
1253 1876 1284 1938 ei
1299 1875 1446 1957 quinque

340 1999 405 2041 oua
427 1998 594 2057 aucarum,
617 1980 667 2043 vel
691 1980 882 2063 quindecim
909 2001 974 2043 oua
1003 1980 1200 2062 gallinarum
1231 1979 1273 2041 ad
1304 1978 1444 2062 quadra-

340 2082 510 2164 gesimam.
558 2084 602 2148 Et
615 2083 702 2147 idem
717 2083 930 2166 respondebit
941 2083 1097 2147 seruienti
1109 2084 1164 2147 die
1175 2083 1279 2147 sancti
1298 2082 1384 2146 Petri
1400 2082 1444 2145 ad

342 2184 487 2250 Uincula
502 2188 545 2251 de
560 2196 703 2269 quatuor
718 2188 818 2250 aucis.
853 2188 899 2251 Et
914 2188 1012 2251 faciet
1027 2187 1112 2251 duas
1127 2186 1320 2271 precarias[
1417 2185 1446 2269 ]¹

340 2290 382 2353 ad
409 2289 520 2354 cibum
545 2291 671 2355 domini
695 2292 728 2355 in
752 2301 946 2375 autumpno.
993 2291 1039 2356 Et
1061 2313 1160 2356 vnam
1190 2294 1372 2375 precariam
1402 2289 1446 2354 de

339 2393 469 2458 duobus
499 2394 689 2459 hominibus
718 2397 761 2459 ad
797 2398 908 2461 cibum
938 2398 1065 2461 domini
1096 2397 1129 2460 in
1159 2406 1353 2479 autumpno.
1399 2394 1445 2458 Et

337 2498 474 2563 cariabit
495 2521 611 2565 omnes
633 2522 750 2585 operas
770 2523 848 2565 suas
868 2522 951 2585 quas
966 2501 1118 2585 operabit
1134 2504 1166 2565 in
1182 2512 1369 2585 autumpno
1384 2520 1462 2582 pro.

337 2622 439 2685 opera
461 2624 527 2686 que
549 2614 686 2669 vocatur
712 2606 896 2689 Daywyne
943 2606 1014 2669 Nec
1037 2614 1148 2689 potest
1179 2606 1334 2669 maritare
1359 2602 1443 2667 filias

337 2725 414 2769 suas
436 2708 508 2770 sine
532 2707 670 2772 licencia
692 2708 829 2774 domini.

400 2810 571 2891 Johannes
601 2812 644 2875 de
682 2813 794 2876 Bauns
824 2823 916 2877 tenet
946 2835 1045 2877 vnam
1076 2815 1239 2895 virgatam
1270 2823 1356 2878 terre
1384 2834 1443 2896 per

336 2914 453 2977 eadem
483 2916 631 2993 seruicia,
660 2927 693 2980 et
719 2937 777 2999 per
806 2918 941 2981 easdem
972 2918 1228 2983 consuetudines
1254 2939 1337 3001 quas
1363 2917 1443 2981 facit

336 3017 473 3102 Agneta
496 3019 668 3101 Wytbred.

243 3134 260 3184 l.
279 3134 322 3197 167
401 3122 570 3187 Galiridus
608 3123 748 3201 Attehil,
787 3124 911 3189 Cecilia
948 3126 1052 3202 West,
1088 3125 1259 3208 Johannes
1304 3125 1441 3202 Siward‚

336 3225 523 3290 Willelmus
546 3227 589 3290 de
612 3227 785 3304 Stantone,
800 3228 970 3293 Galfridus
991 3229 1095 3305 West,
1113 3227 1269 3293 Albricus
1292 3228 1440 3311 Syward.

338 3326 396 3393 Isti
413 3340 528 3394 tenent
548 3329 673 3394 scilicet
693 3331 833 3413 quilibet
848 3352 963 3396 eorum
978 3331 1151 3397 dimidiam
1167 3333 1331 3417 virgatam
1347 3343 1441 3410 terre,

334 3442 367 3497 et
389 3435 575 3517 operabunt
598 3455 657 3517 per
679 3454 824 3500 annum:
847 3436 1012 3501 sciliceta
1033 3435 1118 3502 festo
1138 3439 1244 3502 sancti
1267 3437 1441 3501 Michaelis

334 3559 437 3621 usque
452 3539 494 3603 ad
512 3539 634 3603 Natale
651 3540 787 3605 Domini
804 3540 943 3623 quilibet
958 3562 1072 3605 eorum
1090 3542 1187 3606 saciet
1203 3543 1237 3605 in
1253 3542 1440 3624 septimana

333 3643 417 3707 duas
433 3664 559 3726 operas,
573 3655 607 3707 et
628 3645 770 3708 arabunt
790 3646 875 3709 sicut
892 3645 1028 3728 Agneta
1043 3656 1077 3709 et
1091 3646 1269 3728 Johannes.
1317 3645 1402 3710 Item
1419 3667 1440 3709 a

334 3747 592 3813 Circumcisione
628 3749 766 3813 Domini
804 3771 908 3832 vsque
952 3751 994 3814 ad
1034 3752 1304 3815 Purificacionem
1342 3752 1440 3816 beate

334 3853 449 3931 Marie,
464 3853 603 3937 quilibet
624 3856 657 3918 in
680 3856 868 3938 septimana
889 3856 987 3920 saciet
1010 3867 1076 3921 tres
1097 3878 1215 3939 operas
1238 3857 1301 3920 nisi
1316 3856 1437 3920 festum

333 3957 528 4041 impedierit.
575 3959 661 4023 Item
678 3980 698 4022 a
714 3958 952 4023 Purificacione
966 3980 1073 4043 usque
1088 3961 1130 4024 ad
1149 3960 1284 4037 Pascha,
1298 3961 1439 4044 quilibet

333 4062 366 4124 in
382 4062 570 4145 septimana
586 4062 683 4127 saciet
699 4064 783 4127 duas
799 4083 926 4145 operas,
937 4073 970 4128 et
986 4065 1128 4130 arabunt
1144 4077 1181 4131 ut
1196 4087 1304 4150 supra.
1351 4066 1438 4129 Item

332 4186 352 4227 a
377 4166 505 4231 Pascha
535 4188 640 4251 usque
663 4167 707 4231 ad
738 4167 859 4232 festum
890 4168 1132 4251 Apostolorum
1162 4170 1250 4235 Petri
1280 4181 1314 4234 et
1344 4170 1439 4235 Pauli

331 4270 470 4353 quilibet
501 4272 533 4336 in
564 4272 754 4355 septimana
784 4272 882 4337 saciet
911 4272 995 4337 duas
1019 4295 1147 4357 operas,
1174 4285 1209 4339 et
1234 4275 1376 4339 arabunt
1401 4287 1439 4339 ut

472 4400 479 4432 ¹
499 4402 572 4452 After
587 4400 740 4467 ‘precarias'
752 4401 848 4453 several
859 4402 941 4453 words
952 4402 1017 4453 have
1028 4404 1092 4454 been
1103 4404 1234 4455 scratched
1244 4411 1297 4453 out.
