3234 5059
165 342 215 443 11]
298 346 415 421 whose
429 350 556 445 pn'est
579 347 668 422 said
688 374 787 421 mass
813 350 853 421 in
879 348 939 423 tle
965 350 1148 447 Fannery
1224 367 1271 440 97

221 531 369 587 Predictm
390 549 458 587 uero
477 531 644 605 G[aliridus]
661 535 824 605 capellanus
843 534 880 590 ob
899 535 1084 591 deuocionem
1102 550 1187 605 quam
1206 550 1274 605 erga
1288 544 1421 588 beentur

165 635 219 673 nos
238 630 266 675 et
284 620 400 676 domum
418 632 544 676 nostram
563 622 649 677 babet
668 631 695 675 et
714 622 813 677 babuit
832 622 888 677 iam
907 640 942 677 ex
960 623 1016 691 diu,
1033 634 1061 678 et
1080 639 1116 677 ne
1134 623 1170 678 ob
1189 620 1273 677 istam
1286 596 1426 698 {iiptntnu

165 707 380 762 concessionem
404 709 505 763 domus
526 720 624 763 nostra
645 726 717 763 onus
739 709 876 765 sustineat
898 712 944 765 uel
964 726 1128 780 grauamcn,
1149 708 1273 763 caritatis
1286 695 1401 789 ffissfst‘·

165 793 268 849 intuitu
287 805 314 851 et
333 812 368 849 ex
385 812 464 851 mera
482 796 650 853 liberalitate
668 808 697 852 et
715 797 864 853 affectione
883 798 1015 868 benigna,
1032 808 1145 853 centum
1162 812 1273 851 marcas

165 883 275 950 argenti
297 884 334 938 ad
355 893 444 939 terras
466 894 493 939 et
515 884 641 940 redditus
662 886 880 956 comparandos,
899 896 926 941 et
948 886 1071 958 quinque
1092 901 1173 940 acras
1192 895 1273 951 terre,

165 980 194 1025 et
212 987 347 1041 magnum
365 971 541 1041 mesuagium
560 989 642 1027 suum
660 989 724 1027 curn
744 973 863 1043 edificijs
882 974 911 1027 in
930 974 1039 1044 campis
1058 973 1133 1028 etin
1152 972 1219 1026 villa
1237 972 1273 1027 de

167 1058 346 1123 Bernewelle,
365 1058 447 1114 nobis
465 1058 543 1114 dedit
563 1069 591 1114 et
611 1060 760 1127 concessit,
775 1060 848 1116 sicut
867 1060 1025 1117 continetur
1044 1062 1072 1115 in
1091 1071 1170 1116 carta
1186 1078 1272 1133 quam

165 1143 202 1199 de
227 1143 289 1215 ipso
314 1141 467 1216 G[allrido]
490 1146 526 1201 de
551 1157 625 1201 terra
649 1158 677 1201 et
702 1146 849 1217 mesuagio
876 1148 1079 1217 prenominatis
1106 1164 1192 1217 penes
1219 1164 1272 1203 nos

165 1232 312 1288 babemus.
350 1234 590 1303 Recognoscimus
619 1234 708 1289 eciam
733 1252 785 1289 nos
809 1236 935 1291 unanimi
960 1236 1077 1291 consilio
1102 1246 1129 1290 et
1153 1252 1271 1291 assensu

165 1322 340 1377 sentenciam
370 1322 674 1378 excommunicacionis
702 1324 800 1379 tulisse
831 1326 859 1378 in
887 1341 985 1379 omnes
1009 1325 1058 1397 qui
1082 1324 1272 1379 fraudulenter

165 1420 194 1465 et
219 1411 295 1467 malo
317 1412 403 1467 modo
424 1412 460 1466 de
481 1411 634 1482 supradicti
656 1412 794 1482 capellani
819 1412 976 1467 exibitione
1001 1412 1196 1467 subtraxerint.
1234 1413 1271 1466 Et

165 1498 313 1554 sciendum
336 1499 413 1570 quod
439 1500 610 1570 capellanus
634 1498 682 1569 qui
708 1515 758 1569 pro
783 1508 910 1569 tempore
934 1498 986 1553 erit
1010 1516 1061 1569 pro
1082 1498 1272 1570 disposicione

167 1586 270 1641 Prioris
279 1588 367 1643 nostri
381 1588 428 1660 qui
441 1604 493 1657 pro
505 1598 632 1658 tempore
641 1588 723 1642 fuerit
732 1598 852 1657 ponetur
862 1589 907 1642 uel
919 1588 1103 1655 amouebitur,
1114 1587 1138 1641 si
1148 1586 1270 1641 officium

166 1691 248 1729 suurn
273 1677 383 1746 explere
408 1693 466 1732 non
490 1677 588 1747 possit,
606 1686 635 1731 et
658 1677 730 1731 alius
755 1676 948 1743 substituatur,
968 1674 1123 1731 secundum
1145 1674 1271 1729 eiusdem

167 1759 271 1817 Prioris
283 1761 475 1833 prouisionem
486 1774 515 1817 et
528 1763 709 1817 uoluntatem.
751 1764 789 1817 Et
803 1763 832 1817 in
844 1763 928 1817 buius
940 1762 979 1817 rei
993 1762 1185 1817 testimonium
1198 1772 1249 1815 etc.

317 1996 368 2059 42.
413 1978 465 2042 De
485 1978 608 2043 duobus
628 1979 707 2063 olijs
726 1980 942 2044 sacerdotibus
956 1980 1126 2063 perpetuo.

233 2131 311 2195 Duo
338 2132 471 2214 insuper
497 2134 686 2197 sacerdotes
712 2142 790 2196 sunt
817 2134 1048 2216 inperpetuum
1076 2130 1271 2196 celebraturi
1287 2146 1430 2250 pristiam
1467 2182 1469 2188 Α

168 2236 199 2299 in
227 2236 356 2319 capella
383 2235 623 2301 Elemosinarie
650 2239 692 2301 de
720 2237 940 2301 Bernewelle:
971 2256 1055 2299 vnus
1078 2257 1138 2319 pro
1161 2237 1273 2300 anima
1286 2247 1436 2341 gpgbggeto

167 2336 298 2402 Thorne
328 2338 461 2421 Tuylet,
491 2350 524 2403 et
555 2340 638 2403 alius
669 2361 729 2424 pro
755 2342 868 2405 anima
895 2338 970 2422 Acij
1001 2339 1108 2416 Frere,
1130 2360 1271 2422 quorum
1287 2347 1431 2440 might

167 2462 305 2526 corpora
332 2444 537 2526 sepeliuntur
563 2444 596 2506 in
622 2446 740 2507 eadem
767 2444 903 2527 capelia.
952 2443 1012 2507 Ille
1037 2443 1143 2507 Acius
1175 2444 1273 2508 Frere
1285 2448 1412 2541 &grew

167 2547 235 2609 suis
268 2548 457 2629 sumptibus
489 2547 653 2630 capellam
688 2549 794 2630 ipsam
830 2546 1012 2623 fabricauit,
1042 2558 1075 2611 et
1106 2558 1209 2611 terras
1239 2549 1407 2641 etfflssss‘l

167 2651 287 2715 domos
301 2652 468 2715 canonicis
484 2662 518 2715 et
533 2652 647 2716 domui
665 2653 906 2716 Elemosinarie
922 2653 1022 2717 dedit.
1061 2652 1274 2736 Quapropter
1286 2648 1392 2743 ’τ”ζζξοῑ

169 2755 428 2819 Elemosinarius
455 2758 634 2838 respondet
660 2757 689 2821 ei
718 2777 776 2839 per
802 2777 927 2821 annum
951 2757 993 2821 de
1016 2756 1045 2839 .j.
1070 2777 1190 2833 marca,
1213 2757 1271 2821 sed
1286 2750 1378 2843 2²¹1}
1444 2744 1451 2753 ⁶

168 2859 352 2924 corredium
373 2880 469 2923 suum
492 2861 660 2942 percipere
678 2861 853 2924 consueuit
868 2862 910 2924 de
925 2860 1058 2924 cellario
1074 2872 1108 2924 et
1123 2862 1272 2943 coquina.
1288 2852 1369 2894 Μ’·

167 2962 317 3026 Thomas
344 2962 468 3045 Tuylet
494 2962 587 3026 dedit
614 2964 781 3027 canonicis
808 2964 988 3046 sexaginta
1014 2984 1106 3028 acras
1130 2972 1215 3027 terre
1240 2965 1272 3026 in

168 3068 295 3149 campis
316 3066 538 3150 Cantebrigie,
553 3077 588 3131 et
603 3068 722 3130 domos
739 3076 772 3130 et
789 3068 938 3132 redditus
957 3068 990 3131 in
1009 3068 1135 3132 eadem.
1182 3068 1273 3152 Qua·

167 3178 303 3252 propter
332 3168 524 3251 capellanus
550 3169 620 3233 eius
643 3168 671 3251 .j.
696 3190 841 3233 marcam
870 3192 928 3254 per
954 3191 1077 3235 annum
1106 3173 1274 3255 percipere

168 3274 349 3352 consueuit,
372 3284 404 3337 et
427 3274 612 3337 corredium
637 3274 679 3339 de
701 3276 881 3340 communi.

255 3522 306 3586 43.
349 3504 402 3568 De
425 3503 594 3588 Capellano
617 3506 772 3589 magistri¹
795 3506 929 3571 Roberti
948 3506 986 3570 de
1008 3504 1174 3570 Fulborne.

235 3659 397 3742 Magister
419 3660 585 3724 Robertus
607 3662 649 3724 de
671 3660 841 3725 Fulburne
859 3661 952 3725 dedit
971 3660 1138 3725 canonicis
1154 3661 1273 3724 domos
1287 3675 1402 3768 35:230.

168 3762 318 3845 lapideas
334 3762 365 3825 in
384 3761 597 3846 Cantebrigia
609 3784 653 3826 ex
666 3765 823 3847 opposito
834 3766 971 3829 ecclesie
983 3766 1088 3829 sancti
1101 3764 1273 3847 sepulchri,
1287 3775 1381 3868 {213th
1389 3826 1417 3868 or

167 3875 205 3929 vt
241 3864 420 3929 canonicus
457 3887 541 3929 unus
580 3886 641 3948 pro
678 3887 718 3931 eo
751 3867 932 3931 celebraret
968 3870 1209 3951 inperpetuum,
1240 3878 1273 3931 et
1287 3876 1436 3969 {nymph

168 3970 352 4053 assignauit
388 3971 576 4052 Johannem
615 3974 657 4036 de
694 3972 863 4036 Fulburne
898 3972 1001 4036 filium
1036 3972 1195 4036 Willelmi
1231 3973 1273 4037 de
1287 3980 1437 4068 {33:223

169 4074 324 4139 Kerbrok
350 4077 394 4139 ad
420 4075 654 4140 celebrandum
682 4098 742 4160 pro
768 4097 808 4139 eo
839 4078 974 4160 quando
1003 4077 1209 4141 ordinaretur
1239 4076 1271 4140 in
1287 4076 1438 4169 {stimet

168 4180 385 4244 sacerdotem.
432 4178 568 4243 Mortuo
591 4181 691 4264 igitur
716 4173 835 4243 eodem
865 4180 1027 4263 Magistro
1056 4180 1206 4245 Roberto
1231 4181 1274 4245 de
1288 4176 1437 4228 augo-ens.

170 4284 338 4349 Fulburne
368 4293 402 4347 et
427 4284 560 4367 sepulto
586 4304 695 4349 coram
723 4285 819 4349 altari
846 4287 951 4350 sancti
983 4285 1174 4369 Augustini,
1201 4306 1273 4369 pre·
1288 4244 1303 4295 ᾗ
1320 4246 1377 4310 ³⁵b

167 4388 277 4458 dictus
303 4389 473 4473 Johannes
502 4392 546 4458 de
571 4390 738 4458 Fulburne
764 4391 909 4479 suscepit
936 4389 1088 4456 habitum
1113 4389 1273 4468 canonici,

250 4528 277 4574 θ
1176 4528 1191 4589 7
