3234 5059
341 139 356 191 l

352 316 419 383 126
556 309 736 405 Thesara
760 308 952 408 assumes
977 308 1038 381 the
1066 307 1252 407 Chaplaz'n
1332 310 1453 410 [Boon

344 513 420 557 cum
448 494 540 558 omni
566 493 783 558 festinacione
810 494 889 558 fecit
917 494 1009 560 Prior
1032 495 1144 578 ipsum
1166 496 1332 578 Jacobum
1355 496 1451 560 citari

344 599 542 662 auctoritate
562 598 726 663 dictarum
748 599 927 665 literarum.
972 600 1168 685 Vidensque
1188 602 1335 684 Jacobus
1354 609 1388 666 et
1402 599 1449 683 hij

344 700 401 783 qui
422 711 518 764 erant
540 702 582 764 de
602 702 742 767 consilio
762 703 834 766 eius
853 704 943 785 ipsas
958 703 1196 787 appellationis
1213 706 1325 770 literas
1341 705 1452 788 sigillo

344 805 471 870 domini
489 806 609 888 Legati
625 807 783 890 signatas,
796 808 1013 873 uehementer
1027 811 1273 895 obstupuerunt
1285 812 1452 876 dicentes:

344 910 603 992 Nuncijprrorts
617 912 737 994 aquilis
752 914 825 978 bene
839 914 1023 978 uolantibus
1036 924 1116 978 sunt
1128 916 1302 981 uelociores.

181 1049 234 1090 τὴ,
413 1016 583 1080 Predictus
611 1038 689 1082 uero
715 1019 862 1100 Jacobus
888 1019 1067 1085 defendere
1093 1041 1130 1084 se
1156 1022 1306 1085 nesciens
1335 1030 1452 1086 contra

182 1099 311 1193 ῗ.“ἶ,ἔί1.ῗ’“.
345 1119 534 1184 huiusmodi
558 1121 716 1198 cautelas,
737 1122 822 1185 infra
846 1143 972 1204 paucos
993 1123 1074 1202 dies,
1097 1135 1232 1207 propter
1254 1145 1350 1189 suam
1373 1145 1451 1189 con·

181 1201 305 1244 mm
266 1202 322 1244 ’Μ
326 1226 525 1289 'tumaciam
542 1226 664 1309 pariter
679 1235 713 1290 et
725 1227 1451 1305 offensam,excommunicacionissentencia

345 1339 395 1393 est
416 1330 603 1395 innodatus.
651 1331 690 1393 In
712 1351 779 1414 qua
796 1333 976 1414 persistens
991 1355 1050 1417 per
1065 1335 1137 1398 dies
1152 1335 1375 1417 quadraginta
1390 1354 1451 1398 nec
1561 1378 1572 1396 .

344 1435 527 1517 appellauit
550 1457 611 1499 nec
633 1435 831 1501 beneficium
854 1437 1077 1502 absolucionis
1104 1439 1304 1520 impetrauit
1350 1437 1450 1520 Quod

345 1540 462 1603 uidens
495 1541 586 1604 Prior
621 1541 664 1604 ab
699 1543 858 1624 episcopo
890 1542 1108 1624 Norwycenci
1138 1543 1249 1606 literas
1282 1541 1451 1624 capcionis

268 1654 285 1705 r.
300 1665 331 1718 47
345 1643 498 1726 optinuit.
544 1645 635 1729 Quid
652 1645 770 1729 plura?
817 1645 897 1708 Post
912 1646 984 1709 dies
1000 1647 1128 1729 aliquot
1143 1647 1235 1710 uenit
1251 1645 1392 1709 nuncius
1407 1647 1449 1710 ad

184 1776 232 1819 m.
347 1748 492 1813 Priorem
514 1751 570 1832 qui
591 1749 715 1814 diceret
736 1771 772 1814 se
793 1750 917 1814 uidisse
931 1752 1094 1833 Jacobum
1111 1751 1321 1835 capellanum
1337 1749 1451 1814 deam·

182 1826 314 1970 {llll-l
346 1853 561 1917 bulantem'
553 1873 586 1916 m
622 1853 741 1936 plateis
778 1853 999 1937 Cantebrigie,
1029 1865 1063 1919 et
1097 1855 1211 1919 statim
1248 1854 1337 1919 misit
1367 1856 1451 1919 duos

181 1978 274 2029 surge.
346 1957 523 2021 canonicos
550 1977 616 2021 una
643 1977 718 2021 cum
747 1958 906 2022 ministris
931 1958 1135 2022 vicecomitis
1164 1959 1207 2022 ad
1234 1958 1450 2042 comprehen

345 2061 492 2126 dendum
514 2081 600 2125 eum.
647 2063 928 2145 inuenientesque
948 2083 1024 2126 eum
1040 2061 1337 2126 deambulantem'
1329 2083 1362 2125 rn
1377 2062 1451 2126 vico

344 2165 536 2247 Judeorum,
550 2167 660 2230 conati
677 2176 755 2231 sunt
771 2186 848 2230 eum
865 2165 1122 2248 apprehendere.
1153 2166 1203 2230 At
1218 2164 1281 2244 ille,
1292 2164 1452 2230 uelociter

345 2290 487 2347 currens,
509 2271 593 2354 fugit
616 2291 721 2354 usque
744 2272 776 2335 in
800 2270 974 2334 ecclesiam
997 2269 1134 2333 fratrum
1157 2269 1335 2334 Minorum.
1382 2269 1451 2353 Ipsi

346 2397 435 2451 uero,
450 2376 661 2457 insequentes
684 2397 770 2452 eum,
787 2385 988 2440 monuerunt
1007 2384 1044 2438 ut
1058 2376 1166 2439 exiret
1181 2385 1215 2439 et
1230 2375 1359 2438 ueniret
1374 2394 1450 2438 cum

345 2481 401 2544 eis.
440 2479 508 2544 Sed
525 2479 579 2544 ille
594 2482 710 2544 renuit.
747 2481 799 2544 Illi
817 2481 976 2544 dixerunt
992 2479 1146 2543 fratribus
1164 2478 1349 2542 Minoribus
1360 2479 1450 2561 quod

345 2596 541 2650 amouerent
567 2607 652 2662 euru,
675 2607 716 2651 eo
743 2585 833 2668 quod
858 2585 1169 2650 excommunicatus
1192 2591 1287 2649 esset.
1332 2583 1382 2646 At
1405 2582 1451 2647 illi

346 2689 522 2752 dixemnt:
554 2689 597 2753 Si
620 2688 733 2752 scr'rztis
758 2689 866 2769 ipsum
891 2688 1198 2752 excommunicatum
1221 2709 1293 2765 esse,
1308 2687 1453 2768 faciatis

346 2814 404 2856 uos
424 2793 513 2875 quod
530 2792 682 2856 uiden'trssr
703 2791 854 2875 expedire.
902 2791 954 2854 Illi
976 2812 1056 2870 uero
1077 2793 1248 2856 uenientes
1269 2791 1452 2856 iniecerunt

347 2917 465 2960 manus
492 2899 526 2961 in
552 2917 639 2974 eum,
663 2907 697 2960 et
725 2906 948 2960 extraxerunt
974 2916 1034 2978 per
1058 2895 1160 2979 pedes
1181 2896 1224 2958 de
1246 2893 1395 2972 ecclesia,
1418 2904 1451 2959 et

347 3011 528 3084 posuerunt
558 3023 635 3066 eum
668 3003 701 3066 in
732 3022 907 3066 carcerem.
969 3000 1087 3085 Ibique
1118 2998 1276 3064 remansit
1305 2997 1451 3063 inclusus

345 3125 519 3188 quousque
540 3105 664 3171 faceret
685 3126 801 3189 pacem
820 3125 896 3168 cum
914 3105 1027 3168 Priore
1042 3125 1101 3187 per
1115 3102 1306 3187 quindecim
1323 3122 1451 3166 marcas

346 3212 588 3294 sterlingorum.
621 3212 800 3276 Inueniens
816 3209 1027 3274 securitatem
1046 3208 1187 3273 multum
1204 3206 1348 3292 penituit
1359 3207 1450 3290 quod

345 3335 365 3378 a
381 3316 607 3380 conuencione
624 3318 730 3398 prima
746 3313 893 3379 resiliuit.

520 3569 568 3635 37.
614 3553 667 3617 De
688 3553 829 3637 quodam
847 3552 1014 3636 palefredo
1035 3552 1112 3616 dato
1133 3551 1276 3614 Domino

699 3657 731 3742 J
732 3656 883 3741 [ohanna]
907 3655 947 3720 de
968 3656 1087 3738 Burgo.

182 3862 249 3903 now
257 3861 300 3903 ue
411 3837 578 3902 Dominus
597 3835 768 3917 Johannes
788 3836 832 3900 de
854 3837 967 3918 Burgo
987 3836 1106 3912 senior,
1122 3837 1179 3918 qui
1201 3844 1273 3899 erat
1295 3833 1453 3898 dominus

180 3912 238 4005 {³5¹⁰
238 3917 316 4055 ἷιιᾚι
345 3942 525 4027 aliquando
547 3941 685 4007 manerii
706 3942 795 4025 quod
818 3941 974 4005 dominus
996 3941 1163 4004 Robertus
1180 3940 1330 4022 Typetot
1350 3939 1453 4003 modo

180 4019 307 4156 hgssefgm
346 4059 439 4113 tenet
459 4049 492 4112 in
516 4046 726 4124 Herlestone,
743 4046 834 4110 misit
854 4047 896 4110 ad
916 4046 1061 4109 Priorem
1077 4045 1260 4128 Jolanum
1251 4064 1285 4106 m
1301 4052 1452 4126 ternpore

179 4165 333 4257 wn‘ffiei
346 4153 590 4217 turbacionisvt
601 4151 835 4216 accomodaret
845 4171 874 4213 er
866 4152 1050 4234 quendam
1061 4171 1184 4233 equum
1195 4147 1238 4212 ad
1249 4147 1451 4231 portandum

179 4265 325 4317 thereupon·
345 4258 533 4322 hernesium
555 4276 652 4320 suum
674 4277 778 4338 usque
799 4256 842 4319 ad
864 4265 992 4319 certum
1014 4255 1133 4319 locum.
1180 4253 1273 4317 Prior
1287 4272 1367 4315 uero
1383 4271 1450 4315 non

343 4364 460 4430 habuit
480 4373 560 4428 tunc
580 4361 741 4450 temporis
757 4361 889 4448 copiam
906 4380 1068 4443 equorum
1085 4367 1221 4443 propter
1235 4357 1451 4440 depredacio-
