3234 5059
151 413 213 513 111]
405 419 442 491 T
437 417 481 491 loc
504 418 601 492 lond
621 419 668 517 os
693 419 852 494 Thomas
884 420 922 492 T
916 421 1017 518 aylet
1191 441 1257 515 117

152 611 269 684 petens
304 612 342 667 ut
378 602 446 667 lilio
484 613 518 668 et
553 603 666 668 heredi
701 616 736 669 et
770 607 862 688 quod
897 606 965 670 tale
1000 608 1043 671 sit
1079 608 1129 672 ius
1162 628 1259 672 suurn

153 703 258 782 oflert,
281 715 341 770 etc.

219 809 265 874 Et
288 809 379 873 Prior
399 811 491 875 uenit
512 820 545 874 et
567 811 717 875 defendit
740 812 790 876 ius
814 833 912 877 suum
928 823 963 877 et
981 814 1117 896 quando
1140 824 1201 880 etc.
1225 824 1260 880 et
1274 838 1424 881 rueme·

151 913 233 978 dicit
262 916 353 997 quod
385 916 552 999 predictus
584 916 751 980 Robertus
781 917 882 981 nichil
913 918 1059 983 clamare
1088 928 1200 1002 potest
1226 921 1261 984 in
1274 889 1385 932 “m

153 1019 309 1101 predictis
325 1021 532 1084 tenementis.
580 1020 671 1085 Dicit
692 1022 781 1085 enim
803 1021 895 1104 quod
916 1023 1086 1104 predictus
1102 1023 1260 1101 Thomas,

152 1122 195 1186 de
217 1123 311 1186 cuius
331 1125 466 1205 saysina
489 1124 559 1207 ipse
582 1124 668 1206 petit
691 1126 841 1207 predicta
864 1135 1065 1204 tenementa,
1086 1149 1154 1192 non
1176 1128 1261 1210 obijt

153 1228 297 1308 seysitus
312 1226 356 1290 de
371 1227 497 1291 eisdem
519 1230 727 1304 tenementis,
742 1230 821 1311 quia
837 1230 919 1293 dicit
939 1232 1030 1314 quod
1047 1251 1106 1315 per
1121 1230 1260 1314 longum

153 1339 287 1413 tempus
317 1343 396 1395 ante
424 1340 565 1395 mortem
593 1352 687 1396 suam
716 1331 867 1396 seoffauit
898 1335 1009 1416 ipsum
1041 1334 1187 1398 Priorem
1217 1334 1261 1399 de

153 1434 310 1516 predictis
333 1437 532 1500 tenementis
553 1445 587 1500 et
610 1436 784 1500 ecclesiam
807 1456 903 1500 suam
927 1435 970 1500 de
993 1437 1204 1514 Bernewelle,
1226 1446 1260 1500 et

153 1537 262 1620 ipsum
294 1539 328 1601 in
362 1538 546 1621 plenariam
581 1560 761 1623 saysynam
793 1539 914 1623 posuit,
944 1549 977 1603 et
1007 1550 1134 1604 cartam
1164 1561 1259 1604 suam

152 1642 196 1705 de
233 1640 449 1707 seoflamento
487 1645 516 1707 ei
555 1644 632 1708 inde
675 1643 761 1720 iecit,
803 1665 905 1729 quam
947 1643 1081 1726 profert,
1120 1653 1154 1708 et
1195 1664 1260 1728 que

152 1755 294 1810 testatur
320 1747 410 1830 quod
439 1748 527 1811 idem
556 1747 706 1812 Thomas
733 1748 827 1812 dedit
855 1759 889 1812 et
915 1749 1079 1812 concessit
1110 1748 1260 1831 predicto

155 1851 258 1914 Priori
288 1861 322 1916 et
351 1851 489 1916 ecclesie
518 1873 578 1916 sue
607 1854 755 1936 predicte
787 1853 820 1916 in
851 1852 990 1916 liberam
1018 1862 1052 1916 et
1078 1873 1196 1935 puram
1226 1862 1260 1917 et

153 1966 348 2038 perpetuam
375 1957 592 2022 elemosinam
620 1960 651 2022 in
681 1968 888 2042 perpetuum,
915 1967 950 2022 et
976 1957 1067 2041 quod
1092 1958 1260 2041 predictus

153 2060 302 2126 Thomas
326 2073 359 2126 et
386 2063 524 2127 heredes
551 2065 601 2126 sui
625 2061 918 2147 warant[izabunt]
940 2071 1006 2127 etc.
1052 2063 1153 2126 Vnde
1178 2063 1260 2127 dicit

153 2165 244 2249 quod
280 2167 307 2229 si
344 2166 464 2250 aliquis
499 2169 583 2232 alius
620 2169 728 2251 ipsum
768 2167 990 2250 implacitaret
1024 2165 1067 2229 de
1102 2166 1359 2249 predictistob

153 2273 362 2346 tenementis,
390 2273 559 2355 predictus
591 2273 759 2336 Robertus
786 2282 955 2337 teneretur
984 2273 1014 2335 ei
1044 2274 1261 2336 warantizare

153 2374 302 2457 predicta
324 2396 382 2458 per
404 2375 588 2458 predictam
612 2386 739 2440 cartam
762 2385 825 2440 etc.

424 2619 473 2682 28.
518 2616 571 2680 De
591 2615 776 2680 nominibus
798 2615 991 2681 iuratorum.

220 2780 266 2844 Et
291 2781 458 2862 predictus
487 2779 654 2843 Robertus
678 2778 760 2842 dicit
784 2777 876 2861 quod
901 2779 1051 2860 predicta
1078 2787 1169 2841 carta
1194 2799 1260 2841 non
1276 2796 1388 2888 ¹³⁰¹ffft'·

154 2883 254 2947 debet
282 2885 311 2946 ei
339 2904 466 2961 nocere,
493 2884 571 2966 quia
598 2883 679 2947 dicit
705 2881 795 2965 quod
826 2880 1106 2966 qualemcumque
1133 2890 1260 2945 cartam
1273 2857 1377 2939 {illm

155 2986 279 3070 prosert
309 2986 371 3051 sub
406 2988 541 3051 nomine
576 2987 717 3070 predicti
748 2986 881 3050 Thome
916 2985 1048 3067 Tuylet,
1079 2986 1141 3050 fuit
1171 2986 1260 3050 idem

155 3091 305 3156 Thomas
340 3092 373 3154 in
410 3111 556 3174 saysyna
589 3091 632 3152 de
663 3089 814 3173 predicto
844 3098 1038 3153 tenemento
1072 3100 1151 3154 ante
1183 3111 1262 3154 con·

154 3196 331 3261 sectionem
363 3197 511 3279 predicte
540 3205 639 3271 carte,
665 3204 699 3258 et
730 3204 805 3277 post
837 3194 1079 3258 confectionem
1110 3204 1201 3258 carte
1227 3197 1260 3258 in

153 3301 301 3385 plenaria
330 3317 478 3383 saysyna
506 3320 638 3382 semper
664 3308 698 3362 et
725 3307 802 3380 post
829 3307 863 3360 et
893 3296 971 3361 inde
1001 3297 1086 3379 obijt
1116 3299 1261 3380 seysitus

154 3415 191 3469 ut
207 3405 249 3469 de
264 3405 379 3483 seodo;
403 3413 436 3468 et
452 3405 541 3488 quod
558 3405 605 3467 ita
620 3404 663 3467 sit
679 3405 774 3486 ponit
790 3423 826 3466 se
840 3423 940 3484 super
955 3403 1098 3485 patriam
1113 3410 1147 3465 et
1162 3423 1262 3485 super

153 3520 255 3574 testes
272 3510 462 3572 nominatos
484 3509 517 3571 in
534 3509 683 3592 predicta
699 3517 799 3572 carta.
847 3506 892 3569 Et
908 3507 984 3571 ideo
1000 3516 1194 3589 preceptum
1211 3518 1262 3572 est

153 3615 350 3680 Vicecomiti
366 3615 458 3696 quod
475 3613 587 3676 uenire
604 3613 704 3677 saciat
720 3613 752 3676 in
768 3612 914 3675 crastino
930 3611 1116 3674 animarum
1134 3611 1260 3675 Willel-
1276 3637 1409 3681 ammi

156 3695 248 3783 m'um
270 3718 313 3782 de
334 3717 455 3796 Stowe,
472 3717 642 3800 Rogerum
666 3719 708 3782 de
731 3717 861 3800 Wykes
884 3716 1048 3780 Maiorem
1071 3717 1114 3780 de
1138 3690 1405 3783 eante-ilidlm'

154 3823 269 3906 brigia,
277 3821 462 3886 Robertum
472 3821 1083 3897 desanctoEadmundo‚Eustachium
1091 3821 1261 3903 Dunning,
1274 3791 1373 3833 ¹¹¹⁰”“¹'

156 3927 319 3990 Leonium
345 3928 516 4009 Dunning,
538 3926 744 3990 Willelmum
764 3926 854 4004 Tele,
876 3926 1065 4008 Johannem
1085 3926 1128 3989 de
1152 3925 1261 4002 Toite,

154 4039 256 4093 testes
280 4029 469 4092 nominatos
492 4038 562 4106 etc,
582 4040 616 4092 et
639 4038 749 4112 preter
772 4029 847 4092 illos
862 4029 927 4093 .xii.
951 4039 1021 4093 tam
1046 4027 1177 4103 milites
1200 4037 1261 4093 etc.

154 4141 225 4195 tam
246 4133 289 4196 de
312 4131 474 4197 forinseco
494 4152 595 4215 quam
617 4131 660 4196 de
680 4133 759 4196 villa
782 4132 996 4215 Cantebrigie
1019 4133 1061 4196 ad
1087 4152 1261 4214 recognos-

155 4239 298 4302 cendum
324 4239 350 4301 si
376 4238 544 4322 predictus
571 4237 721 4300 Thomas
744 4259 827 4301 auus
851 4237 990 4321 predicti
1015 4236 1156 4300 Roberti
1178 4237 1262 4301 obiit

156 4344 301 4426 saysitus
325 4343 368 4407 de
388 4343 545 4426 predictis
568 4342 777 4417 tenementis,
794 4343 879 4405 sicut
902 4339 1070 4423 predictus
1095 4339 1262 4403 Robertus

86 4459 89 4466 ’
155 4447 245 4524 dicit,
267 4447 320 4511 vel
343 4449 371 4509 si
394 4447 483 4510 idem
507 4445 657 4510 Thomas
680 4445 830 4509 seoffauit
851 4444 1036 4527 predictum
1059 4444 1205 4507 Priorem
1228 4453 1262 4507 et
