3234 5059
366 369 433 437 142
658 343 749 418 Case
774 343 826 440 of
840 342 1002 416 lsabella
1030 341 1167 416 clivia
1347 339 1467 438 [soon

457 607 508 670 62.
552 604 604 670 De
635 604 780 669 Ysabclla
804 602 932 685 Chyuin
954 604 1151 669 Inrotulacib
1176 603 1370 688 cantebrig1.

196 786 351 880 ffigfflssf
413 796 507 848 Datus
519 802 562 848 est
576 793 636 848 dies
652 793 772 848 lsabelle
789 792 846 846 filie
861 791 1001 862 Johannis
1017 791 1119 846 Chiuin
1137 791 1172 846 de
1191 793 1305 846 Brunne
1321 791 1426 861 petenti
1438 801 1467 845 et

197 887 304 940 cayno,
361 879 502 936 Roberto¹
521 882 633 950 Chyuin
652 881 758 936 tenenti
778 881 815 936 de
833 881 977 936 audienda
994 881 1130 935 electione
1149 881 1185 934 de
1201 897 1257 935 vno
1276 879 1421 949 mesuagio
1439 889 1467 935 et

198 938 295 1040 {32³⁸
360 977 469 1038 septem
491 967 564 1024 acris
586 979 657 1023 terre
680 985 744 1023 curn
765 968 948 1038 pertinenciis
969 967 998 1023 in
1020 967 1148 1023 Brunne:
1173 979 1201 1022 et
1220 967 1314 1022 eidem
1333 967 1467 1022 Ysabelle

359 1057 466 1128 petenti
479 1067 507 1113 et
520 1056 664 1112 Willelmo
681 1058 717 1112 de
735 1056 985 1111 Sabristeswortlre
1001 1055 1109 1111 tenenti
1126 1056 1161 1110 de
1178 1066 1288 1125 septem
1304 1055 1377 1110 acris
1395 1064 1466 1110 terre

359 1161 423 1200 cum
445 1145 626 1216 pertinenciis
647 1145 676 1199 in
700 1147 830 1211 Brunne;
856 1155 886 1199 et
904 1145 998 1199 eidem
1022 1144 1144 1199 lsabelle
1165 1143 1271 1214 petenti
1293 1153 1321 1198 et
1342 1143 1466 1214 Johanni

358 1234 395 1288 de
410 1235 563 1290 Caldecote
580 1233 687 1289 tenenti
705 1234 741 1287 de
758 1232 849 1288 tribus
866 1232 943 1286 rodis
959 1240 1032 1287 terre
1049 1247 1114 1286 eum
1129 1230 1310 1303 pertinenciis
1322 1231 1352 1286 in
1365 1231 1466 1285 eadem

360 1320 434 1388 villa,
453 1337 470 1372 a
489 1319 535 1375 die
554 1320 645 1374 sancti
662 1319 813 1375 Michaelis
832 1319 861 1373 in
880 1328 937 1374 tres
956 1319 1131 1389 septimanas
1149 1336 1201 1389 pro
1219 1319 1331 1374 defectu
1347 1329 1467 1389 quatuor

360 1409 479 1463 militum
493 1408 559 1479 quia
572 1408 665 1462 nullus
677 1407 761 1462 venit
801 1408 872 1462 Ideo
885 1407 1044 1462 vicecomes
1056 1407 1161 1462 habeat
1173 1423 1291 1477 corpora
1303 1421 1401 1460 eorum
1413 1415 1465 1459 etc„

413 1497 451 1550 Et
473 1497 573 1551 eadem
596 1495 720 1551 lsabella
739 1496 824 1566 peciit
844 1512 941 1550 versus
965 1495 1090 1551 Priorem
1113 1494 1149 1550 de
1172 1495 1342 1550 Bemewelle
1363 1509 1467 1547 nouem

360 1599 441 1638 acras
461 1593 532 1638 terre
551 1601 614 1638 curn
633 1581 815 1654 pertinenciis
834 1583 863 1636 in
883 1584 1006 1648 Brunne,
1025 1592 1056 1636 ut
1070 1582 1118 1652 jus
1136 1599 1218 1636 suum
1237 1592 1289 1636 etc
1328 1581 1365 1634 Et
1387 1579 1467 1634 Prior

261 1677 279 1728 i.
292 1677 348 1741 5rb
361 1671 431 1726 alias
452 1673 531 1726 uenit
550 1671 605 1740 hic,
627 1681 655 1726 et
676 1673 769 1742 posuit
790 1689 821 1726 se
841 1673 871 1724 in
892 1687 1026 1740 magnam
1047 1687 1176 1739 assysam
1195 1669 1303 1725 domini
1323 1668 1419 1737 Regis,
1437 1679 1466 1723 et

360 1759 446 1831 peciit
464 1759 690 1829 recognicionem
708 1758 775 1826 fieri,
793 1769 887 1812 utrum
905 1759 967 1829 ipse
984 1759 1077 1812 maius
1095 1759 1138 1812 ius
1157 1759 1273 1812 haberet
1291 1757 1321 1810 in
1339 1756 1466 1828 predicto

361 1856 531 1916 tenemento,
544 1864 581 1902 an
595 1848 657 1917 ipsa
671 1847 801 1901 lsabella
841 1847 886 1902 lta
903 1846 979 1917 quod
998 1847 1122 1902 lsabella
1138 1844 1237 1900 habuit
1254 1845 1330 1899 diem
1346 1841 1417 1915 [hic]
1428 1844 1467 1899 ad

360 1938 435 1991 hunc
449 1937 531 1990 diem.
570 1936 608 1989 Et
620 1935 683 2006 ipsa
696 1934 890 2004 sollempniter
906 1942 1009 1988 uocata
1024 1933 1116 2004 primo
1133 1943 1160 1987 et
1173 1931 1299 1987 secundo
1311 1931 1357 1986 die
1370 1930 1465 2001 placiti

361 2043 418 2079 non
431 2023 516 2078 uenit.
554 2024 592 2077 Et
605 2022 748 2094 predictus
763 2023 842 2076 Prior
854 2021 930 2093 capit
943 2038 974 2076 se
986 2021 1094 2090 precise
1106 2021 1143 2074 ad
1156 2019 1311 2091 predictam
1324 2019 1465 2075 defaltam.

361 2113 400 2167 Et
423 2111 550 2182 predicta
577 2111 701 2165 lsabella
726 2126 781 2164 non
802 2119 896 2180 potest
917 2109 1075 2179 predictam
1096 2107 1229 2162 defaltam
1248 2124 1357 2162 sanare
1396 2106 1466 2162 ldeo

359 2201 569 2256 consideratum
591 2209 634 2254 est
654 2199 732 2271 quod
753 2198 896 2268 predictus
917 2198 997 2252 Prior
1015 2207 1111 2252 teneat
1131 2199 1227 2267 quiete
1244 2197 1371 2268 predicta
1389 2205 1465 2250 tene·

359 2301 456 2345 menta
469 2288 522 2344 sibi
536 2299 564 2344 et
577 2286 786 2343 successoribus
800 2288 858 2341 suis
871 2286 907 2342 de
921 2287 1047 2357 predicta
1061 2286 1184 2340 lsabella
1200 2295 1228 2339 et
1243 2282 1395 2340 heredibus
1407 2283 1465 2338 suis

359 2377 563 2449 inperpetuum.

427 2491 501 2556 Hec
531 2490 726 2555 inrotulacio
764 2489 950 2552 inuenietur
981 2489 1016 2551 in
1048 2489 1164 2552 rotulis
1194 2487 1392 2571 placitorum
1423 2487 1465 2551 de

360 2597 504 2660 termino
526 2594 652 2658 Pasche
667 2614 756 2658 anno
771 2595 864 2675 regni
885 2594 971 2675 regis
993 2592 1170 2657 Eadwardi
1192 2594 1294 2658 tercio
1315 2593 1465 2657 decimo:

360 2700 515 2766 videlicet
531 2701 563 2763 in
581 2699 696 2763 rotulis
712 2699 754 2762 de
771 2718 885 2761 mense
902 2697 1050 2761 Pasche⁸.

563 2951 614 3034 63.
658 2951 826 3015 Placitum
847 2950 888 3012 de
907 2949 1038 3014 decimis
1059 2950 1097 3013 dc
1120 2949 1263 3014 Histone.

199 3143 321 3244 {mm
428 3128 589 3210 Magister
611 3124 809 3208 Radulphus
831 3126 872 3189 de
888 3125 1062 3208 Croperia⁴
1079 3135 1186 3190 rector
1206 3125 1344 3191 ecclesie
1361 3132 1466 3193 sancti

197 3243 307 3337 ἓξὲξ
362 3233 499 3296 Andree
514 3230 557 3294 de
574 3230 719 3293 Histone
734 3230 874 3292 accessit
888 3229 931 3292 ad
946 3229 1090 3293 Priorem
1107 3229 1149 3294 de
1166 3230 1368 3294 Bemewelle
1382 3244 1417 3295 et
1433 3234 1466 3296 in

197 3342 346 3444 xpm}
361 3338 468 3402 forma
499 3336 589 3418 pacis
620 3345 654 3398 et
684 3335 806 3398 amoris
837 3333 977 3415 rogabat
1006 3355 1083 3397 eum
1115 3344 1151 3397 ut
1181 3337 1377 3398 concederet
1404 3336 1467 3399 sibi

198 3445 301 3538 2¹5⁰&
361 3443 507 3507 decimas
533 3460 610 3504 suas
634 3441 676 3504 de
706 3439 851 3502 Histone
873 3439 916 3501 ad
940 3459 1054 3502 verum
1081 3439 1228 3502 valorem
1252 3439 1468 3516 decimarum,

197 3553 338 3640 3¹21„an
362 3556 549 3631 protestans
571 3566 606 3608 se
628 3544 712 3608 uelle
734 3543 841 3606 facere
862 3564 997 3606 omnem
1019 3545 1230 3608 securitatem
1246 3564 1305 3627 per
1320 3544 1475 3630 sigillum*

197 3647 334 3691 mm
364 3650 521 3736 Episcopi
538 3659 571 3712 et
582 3647 728 3731 Capituli
746 3647 902 3730 Elyensis
918 3648 961 3711 ad
978 3647 1255 3729 indempnitatem
1272 3649 1410 3712 ecclesie
1425 3650 1467 3713 de

363 3751 571 3818 Bernewelle.
632 3751 700 3816 Sed
733 3750 838 3827 Prior·
855 3760 890 3814 et
919 3759 1104 3814 conuentus
1133 3751 1368 3833 sponsionibus
1396 3754 1467 3817 eius

362 3858 574 3942 adquiescere
597 3856 782 3919 noluerunt.
829 3856 999 3918 Predictus
1020 3875 1100 3918 uero
1121 3857 1278 3938 magister
1297 3857 1414 3922 videns
1432 3879 1468 3922 se

410 4053 419 4085 ¹
437 4053 499 4104 This
511 4053 580 4102 word
591 4053 612 4102 is
624 4052 650 4101 in
661 4051 704 4101 the
715 4050 814 4114 margin
825 4049 854 4098 oi
862 4049 905 4099 the
917 4047 972 4099 roll.

410 4137 586 4195 'Robertum
607 4134 665 4185 MS.

409 4220 420 4253 ⁸
437 4221 478 4270 De
490 4221 576 4269 Banco
589 4218 668 4275 Rolls‚
681 4217 732 4267 No.
744 4219 782 4280 58,
797 4216 857 4266 Roll
871 4231 910 4281 29.

408 4304 419 4336 ⁴
436 4303 574 4355 Described
585 4301 611 4351 in
626 4303 687 4365 1258
696 4315 724 4350 as
737 4299 821 4365 Rslpb
830 4298 862 4349 de
874 4299 996 4367 Cropper,
1006 4299 1124 4367 ehaplain
1135 4306 1162 4352 to
1173 4316 1189 4352 e
1199 4301 1319 4354 cardinal.
1341 4303 1469 4356 calendar

358 4388 478 4458 osPapal
486 4387 617 4454 Regutern
629 4383 669 4435 ed.
685 4381 759 4441 Blisn
771 4381 788 4434 i.
802 4381 860 4448 3⁵⁶·
