3234 5059
352 384 422 433 110
548 359 671 459 Rzgrht
695 356 1009 457 ofpresentation
1035 366 1071 432 to
1097 355 1242 430 churelz'
1333 354 1454 454 [boort

347 548 424 621 quod
444 548 588 621 predictus
608 548 688 604 Prior
708 557 854 619 recuperet
874 546 1117 617 presentacionem
1140 562 1222 601 suam
1246 544 1285 599 ad
1302 542 1454 600 ecclesiam

347 637 504 709 predictam
524 646 552 693 et
570 637 647 706 quod
665 637 770 691 habeat
786 637 873 690 breue
890 635 928 688 ad
943 633 1107 703 episcopum
1126 632 1361 701 Lyncolniensem
1378 630 1455 703 quod

348 729 385 783 ad
407 726 651 798 presentacionem
672 724 761 793 ipsius
780 722 884 777 Prioris
904 723 941 779 ad
963 722 1119 792 predictam
1138 721 1288 775 ecclesiam
1313 720 1455 787 ydoneam

348 832 499 887 personam
524 813 664 882 admittat,
685 823 712 868 et
734 812 853 883 predicti
878 812 1044 881 Radulphus
1069 819 1096 864 et
1121 809 1254 864 Asceline
1276 820 1304 864 et
1326 809 1403 864 Otho
1426 807 1454 863 in

347 903 548 961 misericordia

400 995 504 1047 Actum
524 992 552 1045 in
577 991 674 1044 Banco
695 989 771 1059 apud
793 988 920 1042 London.
940 1004 957 1040 a
976 985 1022 1041 die
1045 985 1153 1041 Pasche
1175 984 1203 1039 in
1225 985 1407 1057 quindenam,
1426 984 1455 1038 in

349 1078 473 1135 crastino
491 1077 598 1133 scilicet
617 1075 794 1130 inuencionis
813 1083 911 1129 sancte
929 1073 1030 1140 crucis,
1048 1088 1124 1127 anno
1145 1072 1224 1142 regni
1245 1071 1319 1142 regis
1339 1072 1455 1127 Henrici

349 1168 398 1239 filij
417 1167 491 1235 regis
508 1164 647 1237 Johannis
665 1164 720 1218 .xl.

624 1400 670 1466 17.
715 1384 769 1447 De
788 1383 973 1447 nominibus
995 1382 1186 1447 iuratorum.

189 1586 257 1638 mn,
404 1560 573 1635 H[enricus]
591 1562 637 1617 dei
656 1561 752 1630 gracia
770 1569 823 1616 etc.
843 1560 1003 1615 vicecomiti
1021 1559 1177 1627 Lyncolnie
1197 1558 1324 1614 salutem.
1365 1557 1455 1612 Preci-

187 1635 336 1729 ,lgtffissl
350 1651 444 1721 pimus
468 1650 518 1705 tus
543 1650 619 1721 quod
639 1649 793 1719 distensas
815 1649 956 1703 Thomam
982 1648 1017 1702 ue
1043 1646 1195 1713 surumon,
1222 1646 1396 1701 winemunt
1419 1646 1456 1700 se

188 1735 314 1835 ffiglfnfff
350 1740 462 1807 Wyma,
490 1738 663 1793 Willelmum
692 1737 727 1791 de
759 1739 865 1791 Sancto
897 1738 1006 1805 Marco,
1032 1736 1192 1806 Johannem
1220 1734 1256 1789 de
1285 1735 1456 1803 Salsamara,

187 1838 279 1886 ereb..
351 1826 531 1895 Ranulphum
554 1825 590 1879 de
613 1824 780 1893 Blakeneye,
800 1823 993 1877 Alexandrum
1011 1823 1038 1877 le
1056 1822 1130 1877 clerc
1151 1821 1188 1876 de
1211 1820 1326 1890 Riseby,
1349 1821 1456 1875 Willel·

189 1888 261 1979 iifi.
270 1942 296 1978 to
349 1931 427 1971 mum
440 1915 466 1968 le
481 1913 568 1984 gentil
580 1913 616 1968 de
631 1913 749 1980 Byham,
764 1914 906 1980 Rogerum
920 1910 1047 1976 Walran,
1061 1908 1214 1964 Ricardum
1228 1910 1300 1978 Olye
1313 1909 1341 1963 in
1356 1909 1455 1978 Byam,

187 1998 305 2080 {fffflfl
352 2005 493 2072 Rogerum
511 2003 538 2057 le
555 2002 669 2068 Brasur,
686 2001 828 2055 Thomam
847 2015 947 2055 cocum
966 1997 1001 2053 de
1020 1997 1214 2068 Grimistorpe,
1234 2008 1263 2052 et
1280 1996 1456 2053 willelmum

186 2088 338 2189 ffigffmd
352 2090 487 2159 Palelrey,
500 2090 675 2145 Willelmum
690 2088 779 2143 tilium
794 2088 910 2144 Roberti
926 2089 962 2142 de
981 2087 1133 2155 Edesham,
1151 2086 1340 2157 recognitores
1358 2104 1456 2155 assyse

188 2188 271 2230 other·
280 2186 338 2229 mn
350 2178 445 2234 ultime
459 2176 681 2247 presentationis
690 2194 777 2248 quam
792 2178 871 2231 Prior
883 2177 919 2231 de
935 2176 1105 2231 Bemewelle
1118 2175 1145 2230 in
1160 2174 1237 2231 curia
1249 2186 1455 2232 nostra-coram

188 2238 336 2330 ppiqtpettpeeeu
347 2266 511 2337 justiciarijs
527 2266 631 2321 nostris
650 2266 726 2337 apud
742 2267 1028 2321 westmonasterium
1049 2265 1211 2320 arramiauit
1229 2282 1328 2320 uersus
1351 2265 1455 2319 Radul-

189 2338 299 2389 mm·
351 2356 439 2425 phum
463 2354 499 2408 de
525 2355 648 2421 Camoys
667 2364 695 2408 et
723 2354 886 2409 Ascelinam
915 2370 1030 2408 uxorem
1058 2353 1118 2408 eius
1147 2362 1174 2407 et
1200 2352 1344 2407 Othonem
1368 2352 1456 2408 tilium

251 2407 267 2456 ἱ·
283 2407 339 2469 ⁴⁰b
352 2442 486 2498 Willelmi
499 2443 534 2497 de
548 2441 740 2497 aduocacione
756 2442 876 2497 ecclesie
893 2442 929 2496 de
943 2443 1068 2509 Byrtone
1081 2457 1131 2510 per
1142 2449 1231 2496 terras
1244 2450 1272 2495 et
1289 2442 1392 2496 catalla
1405 2458 1456 2497 sua

353 2531 381 2586 in
399 2530 504 2585 balliua
520 2540 575 2585 tua
616 2532 660 2585 lta
676 2530 752 2602 quod
768 2547 822 2585 nec
834 2530 887 2600 ipsi
903 2546 956 2585 nec
973 2530 1074 2601 aliquis
1091 2546 1141 2599 per
1153 2530 1229 2599 ipsos
1242 2529 1279 2585 ad
1292 2546 1327 2585 ea
1339 2546 1456 2585 manum

352 2624 498 2686 apponant
506 2616 596 2670 donec
609 2615 684 2669 aliud
698 2615 806 2669 anobis
819 2614 885 2669 inde
898 2613 1029 2669 habueris
1039 2622 1211 2683 preceptum,
1222 2623 1250 2668 et
1262 2614 1339 2685 quod
1349 2614 1455 2669 habeas

352 2720 471 2773 corpora
495 2718 591 2756 eorum
615 2718 711 2757 coram
730 2700 893 2771 justiciariis
914 2701 1016 2756 nostris
1039 2701 1114 2771 apud
1136 2699 1420 2755 westmonasterium
1439 2717 1457 2753 a

353 2788 399 2843 die
421 2788 530 2842 Pasche
547 2788 576 2842 in
594 2806 646 2841 .xv.
660 2787 730 2854 dies,
746 2788 789 2841 uel
807 2804 903 2842 coram
921 2786 1025 2841 dilecto
1043 2797 1071 2841 et
1088 2786 1164 2841 fideli
1182 2797 1278 2841 nostro
1293 2787 1404 2856 Rogero
1420 2786 1456 2841 de

353 2876 495 2945 Turkeby,
509 2875 532 2929 si
545 2876 622 2945 prius
635 2876 671 2930 ad
685 2888 779 2946 partes
796 2874 859 2930 illas
875 2874 991 2942 uenerit,
1004 2876 1041 2928 ad
1054 2874 1214 2929 faciendam
1228 2891 1357 2942 assysam
1371 2874 1456 2942 illam,

353 2974 380 3018 et
392 2964 430 3018 ad
443 2962 615 3018 audiendum
623 2962 761 3032 judicium
775 2965 811 3017 de
825 2964 951 3032 pluribus
963 2960 1126 3017 defectibus.

407 3050 582 3121 Precipimus
595 3050 686 3105 eciam
699 3052 749 3105 tibi
762 3050 840 3122 quod
850 3058 892 3103 tot
905 3059 933 3103 et
946 3050 1016 3103 tales
1030 3057 1088 3103 tam
1097 3049 1134 3103 de
1147 3048 1283 3104 militibus
1295 3066 1380 3121 quarn
1394 3051 1456 3121 alijs

353 3140 456 3194 liberos
468 3148 497 3193 et
511 3139 618 3209 legales
634 3138 764 3198 homines
780 3140 816 3192 de
829 3138 938 3193 visneto
951 3138 987 3191 de
1002 3138 1107 3206 Byrton
1125 3137 1152 3190 in
1172 3154 1271 3206 assysa
1287 3139 1342 3195 ista
1358 3155 1456 3208 ponas,

352 3238 380 3282 et
395 3227 458 3281 illos
475 3242 570 3281 coram
588 3225 705 3295 prelatis
719 3225 883 3297 justiciariis
903 3224 1005 3280 nostris
1022 3225 1098 3295 apud
1117 3226 1400 3283 Westmonasterium
1420 3229 1457 3282 ad

352 3314 491 3384 prelatum
510 3312 660 3368 terminum
684 3313 792 3368 habeas
814 3314 850 3367 ad
876 3313 1036 3367 faciendam
1059 3329 1187 3381 assysam
1213 3314 1297 3383 illam,
1320 3315 1359 3369 ita
1380 3318 1457 3386 quod

352 3420 452 3471 assysa
470 3402 517 3458 illa
530 3403 631 3457 iterato
648 3420 705 3455 non
724 3414 870 3456 remaneat
890 3402 1031 3471 capienda
1045 3417 1097 3471 pro
1114 3401 1226 3457 defectu
1242 3404 1455 3471 recognitorum.

354 3491 409 3562 Qui
422 3490 534 3545 interim
547 3488 698 3544 ecclesiam
711 3488 922 3552 illamuideant,
937 3499 963 3542 et
976 3490 1083 3543 habeas
1097 3489 1135 3543 ibi
1149 3489 1265 3544 nomina
1277 3507 1373 3545 eorum
1386 3508 1457 3563 quos

353 3580 390 3633 de
402 3594 476 3633 nouo
493 3577 667 3651 apposueris,
680 3586 709 3631 et
724 3575 779 3630 hoc
796 3576 889 3630 breue.
927 3577 1012 3631 Teste
1032 3573 1167 3648 R[ogero]
1184 3576 1220 3632 de
1237 3578 1369 3649 Turlreby
1382 3580 1461 3651 apud

353 3666 640 3723 westmonasterium
652 3666 708 3736 .vj⁰.
723 3664 770 3719 die
782 3663 912 3734 februarij
927 3681 1003 3719 anno
1015 3664 1094 3733 regni
1107 3665 1195 3719 nostri
1209 3665 1252 3721 .xl.

704 3891 750 3953 18.
795 3888 846 3952 De
866 3888 985 3970 forma
1006 3888 1106 3971 pacis.

192 4092 264 4135 nm
420 4062 512 4127 Prior
533 4063 575 4126 de
593 4063 802 4139 Bernewelle,
820 4062 978 4147 magister
1000 4062 1113 4146 Roger
1128 4062 1170 4126 de
1190 4062 1458 4146 Rauelyngham,

189 4148 334 4234 mrim
354 4178 389 4233 et
412 4168 602 4232 Willelmus
632 4169 675 4231 de
705 4168 736 4232 le
769 4169 930 4245 Hertone,
954 4176 1183 4250 cognouerunt
1212 4170 1302 4250 quod
1333 4168 1458 4233 debent

189 4242 344 4385 {⁵333}
356 4272 538 4355 Radulpho
549 4271 592 4336 de
608 4270 756 4353 Camoys
768 4281 801 4335 et
817 4271 976 4335 Asceline
991 4271 1087 4335 uxori
1100 4272 1171 4334 eius
1184 4272 1300 4353 viginti
1314 4291 1458 4337 marcas:

189 4393 322 4486 erptteppenp
353 4377 479 4443 scilicet
508 4377 678 4463 predictus
710 4376 803 4443 Prior
832 4397 868 4443 .c.
900 4375 1025 4443 solidos
1052 4396 1137 4463 quos
1168 4376 1198 4441 ei
1223 4377 1340 4443 reddet
1370 4378 1453 4445 citra
