3234 5059
356 378 429 447 304
713 355 751 427 T
745 362 876 429 enam
903 354 943 426 in
970 353 1121 428 Borion
1344 352 1463 451 [Boou

353 542 521 623 predictos
543 542 712 618 terminos,
735 542 822 605 sicut
856 541 1022 606 Henricus
1045 540 1136 624 Toly
1165 539 1252 617 iacit,
1278 548 1313 604 et
1343 538 1465 604 sacient

354 645 489 710 easdem
513 666 632 729 operas
662 646 747 711 sicut
774 645 941 710 Henricus
971 645 1068 729 Toly.
1114 644 1160 709 Et
1191 644 1357 708 Ricardus
1381 645 1463 709 Mile

353 770 457 834 vsque
478 750 521 815 ad
550 751 672 816 Gulam
696 750 852 833 Augusti.
901 751 986 815 Item
1018 772 1038 815 a
1061 748 1149 814 Gula
1173 749 1318 833 Augusti
1342 768 1402 831 per
1422 770 1460 815 .v.

353 856 558 937 septimanas
581 856 757 939 autumpni
773 855 827 937 iij.
848 876 976 938 operas,
992 866 1026 920 et
1047 865 1133 939 post,
1148 875 1253 938 vsque
1272 853 1316 917 ad
1339 853 1459 918 festum

354 960 469 1025 Sancti
487 960 670 1035 Michaelis,
686 959 835 1043 qualibet
856 960 1044 1043 septimana
1060 960 1100 1043 .ij.
1117 980 1244 1043 operas,
1260 958 1322 1022 nisi
1339 956 1459 1021 festum

352 1064 547 1145 impedierit
595 1064 640 1127 Et
671 1062 713 1126 ad
744 1063 887 1146 primam
918 1063 1100 1145 precariam
1132 1062 1165 1125 in
1192 1071 1379 1144 autumpno
1409 1060 1459 1143 .vj.

352 1165 504 1230 homines
525 1167 596 1230 sine
616 1167 700 1244 cibo,
721 1175 755 1230 et
776 1166 820 1231 ad
841 1166 1024 1231 secundam
1041 1166 1223 1250 precariam
1239 1164 1292 1247 .vj.
1308 1165 1461 1228 homines

352 1270 394 1333 ad
412 1269 523 1334 cibum
539 1271 667 1335 domini
684 1270 813 1334 Prioris.

419 1374 464 1438 Et
488 1375 742 1439 memorandum
765 1374 855 1458 quod
887 1374 1027 1457 predicti
1052 1372 1245 1456 custumarij
1269 1370 1394 1437 debent
1416 1373 1459 1437 ad

352 1479 515 1543 auxilium
553 1479 681 1544 domini
719 1479 841 1543 Prioris
875 1479 919 1542 ad
949 1479 1070 1543 festum
1102 1478 1227 1543 Sancte
1258 1477 1461 1541 Etheldrede

354 1584 502 1667 Virginis
524 1583 588 1666 iiij.
612 1583 745 1659 solidos,
772 1594 805 1647 et
828 1583 919 1666 quod
943 1582 1137 1647 herciabunt
1160 1603 1220 1665 per
1245 1603 1347 1647 vnum
1370 1584 1459 1647 diem

353 1698 504 1770 tempore
515 1687 669 1771 hyemali,
681 1697 715 1751 et
728 1708 786 1772 per
797 1708 899 1752 vnum
912 1689 1001 1753 diem
1018 1699 1169 1771 tempore
1180 1687 1459 1770 quadragesimali

353 1790 543 1873 sumptibus
563 1792 630 1854 suis
652 1790 793 1875 proprijs
815 1791 842 1853 si
861 1790 1008 1855 habeant
1028 1811 1152 1873 equum
1168 1810 1265 1854 suum
1282 1790 1461 1872 proprium,

353 1904 388 1959 et
403 1893 587 1959 auerabunt
602 1894 699 1958 sicuti
715 1894 868 1958 homines
884 1894 1011 1958 domini
1029 1894 1161 1957 Thome
1178 1893 1341 1958 Maunsel.

1026 1996 1166 2061 Summa
1182 2016 1246 2060 .xv.
1262 1994 1360 2058 solidi
1375 1994 1459 2076 .iij.a¹.

841 2101 982 2167 Summa
996 2100 1073 2185 diiij.
1089 2099 1187 2165 solidi
1203 2099 1275 2183 ‚ij.d.
1291 2100 1343 2165 ob.
1359 2100 1459 2182 quad.

420 2315 470 2363 21.
514 2297 681 2363 Redditus
720 2297 875 2362 annualis
914 2297 958 2361 de
995 2295 1293 2381 perquisicionibus
1330 2296 1457 2361 domini

353 2416 495 2482 Galsridi
519 2417 683 2483 London:

539 2596 702 2661 Redditus
723 2597 762 2661 de
782 2596 921 2660 termino
943 2594 1061 2661 Sancti
1081 2594 1264 2659 Michaelis.

418 2744 472 2807 De
486 2744 656 2810 Willelmo
672 2743 740 2808 filio
755 2745 884 2809 Warini
900 2746 942 2808 ad
962 2744 1085 2827 Ripam
1101 2742 1154 2825 iij.
1170 2742 1303 2808 solidos.

417 2848 471 2912 De
507 2849 625 2914 eodem
666 2848 843 2926 Willelm0,
880 2848 923 2912 ad
961 2848 1137 2913 seruicium
1175 2848 1303 2911 domini
1347 2848 1458 2930 Regis,

351 2954 582 3037 quadrantem.

419 3057 472 3121 De
500 3057 649 3122 Henrico
673 3057 840 3123 aurifabro
868 3080 927 3143 pro
958 3068 1045 3122 terra
1070 3056 1211 3121 Galfridi
1239 3058 1400 3141 Deuenys
1430 3057 1458 3139 .j.

351 3162 534 3227 denarium.

417 3267 471 3330 De
485 3265 640 3349 Johanne
656 3266 791 3351 Mareys
808 3318 813 3330 .
815 3267 838 3349 j.
854 3266 1037 3331 denarium.

418 3370 471 3434 De
488 3369 636 3452 Hugone
653 3370 806 3453 Fleming
822 3370 852 3452 .j.
869 3369 1052 3434 denarium.

417 3474 471 3538 De
489 3474 637 3537 Henrico
657 3474 822 3539 aurifabro
843 3496 905 3557 pro
925 3484 1013 3539 terra
1030 3474 1166 3537 Henrici
1188 3472 1219 3535 le
1241 3471 1339 3538 Child
1354 3472 1383 3556 .j.
1400 3475 1456 3538 de-

350 3599 489 3646 nanum.

416 3684 469 3749 De
483 3684 632 3767 Symone
641 3684 684 3747 de
695 3684 830 3748 Brunne
839 3685 882 3748 de
892 3684 1117 3749 Cumbertone
1128 3703 1189 3765 pro
1199 3692 1287 3747 terra
1297 3682 1456 3745 Willeimi

351 3789 467 3853 Warin
483 3788 512 3873 .j.
528 3788 709 3853 denarium.

417 3893 471 3957 De
486 3892 636 3975 Symone
655 3893 699 3957 de
720 3892 791 3956 Len
814 3891 856 3956 de
878 3892 1093 3974 Cantebrigia
1109 3912 1170 3974 pro
1185 3900 1272 3955 terra
1293 3890 1457 3973 Johannis

351 3999 382 4062 le
397 3998 496 4064 Child
512 3998 541 4079 .j.
558 3999 738 4061 denarium.
