3234 5059
169 369 224 471 ιν]
335 373 397 471 Of
413 373 590 448 Proctors
614 379 656 446 at
683 369 840 446 Council
862 370 912 466 of
928 368 1054 467 Lym
1200 391 1270 461 203

171 557 204 610 In
219 557 389 613 Landbeche
721 571 834 610 summa
904 553 961 609 iiii.
974 555 994 608 li
1007 553 1044 608 ,it
1058 570 1072 607 s
1084 554 1129 622 .vj.
1142 553 1162 606 d

170 643 203 696 In
217 643 354 698 Grettone
761 679 777 708 „
903 659 938 694 .v.
950 657 965 694 s
976 640 1021 710 .vj.
1035 639 1054 694 d

169 729 203 784 In
219 731 359 799 Herdwyc
762 767 779 796 ,‚
903 745 936 782 ‚a
950 743 1011 782 s.x.
1025 726 1044 781 d

169 817 203 870 ln
217 817 392 886 Kingestone
762 853 779 883 „
905 814 976 869 mvii.
989 815 1033 868 sol

170 903 203 958 ln
217 905 395 960 Euerisdone
763 942 779 970 „
905 921 938 957 ‚se
951 919 966 956 s
978 902 1022 956 .vi.
1036 901 1055 956 d

169 993 203 1045 ln
216 991 389 1061 Wytlesiord
763 1029 780 1059 ‚,
904 1009 956 1045 not
970 1007 985 1044 s

169 1080 203 1135 In
217 1081 310 1136 Stowe
764 1119 780 1148 „
906 1079 950 1134 ix.
964 1097 978 1133 s
991 1078 1046 1149 .vij.
1059 1079 1079 1133 d
1091 1078 1129 1132 ob

168 1169 203 1223 In
217 1170 388 1225 Crowedene
762 1209 779 1237 „
904 1168 987 1223 mviii.
1001 1185 1015 1222 s

169 1257 204 1312 ln
217 1257 389 1314 Thadelowe
763 1295 779 1323 „
905 1255 970 1326 dvij.
983 1273 997 1309 s
1010 1255 1053 1324 .xj.
1067 1255 1087 1309 d

169 1345 204 1398 ln
217 1345 378 1400 cotenham
761 1383 777 1411 η
902 1344 947 1414 Ni·
960 1361 975 1398 s
987 1343 1051 1412 .viij.
1064 1343 1084 1396 d

169 1433 204 1486 ln
218 1431 380 1504 Ramptone
761 1472 777 1500 „
903 1432 947 1502 .vj.
960 1449 975 1486 s

170 1520 204 1574 In
218 1521 379 1576 Barentone
762 1559 778 1588 „
904 1520 958 1590 atii
972 1519 991 1574 d

169 1609 203 1662 In
218 1609 428 1664 Bemardstone
764 1649 780 1678 „
905 1607 952 1663 iii.
966 1625 981 1662 s

169 1695 203 1750 ln
217 1695 323 1766 Riseby
760 1735 776 1764 „
902 1695 959 1750 iiii.
973 1695 992 1750 d

168 1787 202 1840 ln
216 1786 341 1842 Chauele
354 1797 382 1841 et
396 1787 573 1857 Schepereye
762 1823 779 1853 „
904 1785 967 1839 .xxi.
981 1802 995 1840 s
1008 1783 1051 1854 .vj.
1066 1785 1085 1838 d

169 1875 203 1928 ln
217 1874 322 1928 Howes
763 1911 779 1942 „
905 1872 950 1942 .vj.
964 1889 977 1925 s
991 1872 1034 1942 .vj.
1048 1871 1068 1926 d

180 1962 299 2016 Summa
311 1977 487 2016 summarum
499 1961 617 2031 clxxvij.
630 1961 649 2015 li
663 1961 707 2018 ix.
720 1977 734 2016 s
747 1959 812 2014 .vii'n
827 1959 854 2014 d.
893 1959 1013 2015 Decima
1026 1959 1097 2029 avij.
1111 1959 1130 2013 li
1144 1975 1196 2013 nv.
1210 1959 1260 2012 sol.

234 2083 309 2147 Hec
318 2083 453 2168 quidem
465 2083 600 2156 taxacio
610 2093 661 2147 est
672 2081 779 2147 multo
788 2083 1032 2165 grauiorquam
1043 2082 1302 2166 precedentes3t.
1316 2105 1346 2157 77
1431 2065 1436 2076 ’

167 2198 201 2252 et
230 2187 358 2251 dictum
390 2186 451 2251 suit
480 2188 571 2270 quod
603 2187 759 2250 dominus
797 2187 875 2250 Rex
911 2186 1118 2251 Eadwardus
1153 2187 1272 2269 petiuit

167 2293 315 2358 decimas
338 2293 436 2356 trium
461 2313 625 2356 annorum
649 2302 790 2369 tantum,
815 2293 875 2356 sed
899 2313 987 2375 papa
1011 2291 1194 2355 Nicholaus
1216 2292 1272 2374 qui

168 2395 230 2460 luit
246 2395 397 2461 Ordinis¹
414 2397 583 2460 Minomm
599 2397 763 2460 concessit
779 2397 808 2458 ei
825 2396 973 2460 decimas
989 2405 1023 2459 et
1037 2395 1272 2479 temporalium

167 2509 201 2564 et
217 2500 438 2584 spiritualium
450 2503 494 2565 ad
508 2523 569 2565 sex
582 2521 696 2564 annos.
735 2499 781 2563 Et
792 2510 906 2564 tamen
920 2501 1009 2563 idem
1022 2519 1110 2583 papa
1123 2509 1272 2563 mortuus

167 2615 218 2669 est
234 2616 312 2669 ante
327 2605 530 2670 triennium².

340 2847 369 2913 7.
417 2832 608 2899 Conuocacio
630 2833 678 2897 ad
695 2832 865 2896 concilium
888 2832 1111 2915 Lugduneme.

221 2987 374 3058 Gregorius
382 2987 540 3059 episcopus,
550 3005 647 3044 seruus
657 3005 800 3042 seruorum
809 2988 864 3055 dei,
872 2987 976 3043 dilecto
985 2987 1042 3042 filio
1051 2986 1273 3056 Arcbiepiscopo
1284 2989 1352 3082 ἕξιν

169 3075 365 3132 Cantuariensi
378 3077 499 3131 salutem
511 3087 563 3132 etc.
1283 3052 1437 3132 affini

221 3165 299 3219 Licet
306 3164 473 3234 generaliter
480 3165 606 3233 abbates,
615 3166 731 3236 priores,
739 3164 1272 3235 decanos,prepositos,archidiaconos,
1284 3141 1410 3233 gemet

167 3261 195 3305 et
203 3251 274 3305 alios
283 3251 464 3306 ecclesiarum
471 3253 602 3321 prelatos,
607 3269 656 3322 per
664 3252 758 3308 literas
766 3271 838 3324 quas
845 3269 929 3322 super
936 3253 1146 3307 conuocacione
1154 3250 1271 3320 Concilij
1284 3241 1435 3334 fflgdssgd

167 3337 382 3408 destinauimus,
398 3339 559 3394 duxerimus
577 3341 748 3408 euocandos,
766 3341 981 3410 generalitatem
999 3351 1094 3394 tamen
1112 3339 1273 3394 huiusmodi
1283 3351 1308 3382 ²1
1319 3342 1379 3384 nee.

168 3427 328 3483 vocacionis
338 3427 499 3497 prouisione
508 3428 666 3482 accomoda
675 3429 866 3494 moderantes,
874 3444 911 3482 ne
919 3429 965 3483 uel
973 3429 1096 3498 impares
1105 3426 1272 3498 sumptibus,
1284 3402 1335 3483 {2⁷⁸²
1348 3393 1380 3435 Μ

167 3515 211 3570 vel
235 3514 306 3569 alias
330 3514 458 3582 inabiles,
477 3525 576 3570 contra
596 3525 693 3571 nostre
717 3515 886 3570 intensionis
911 3513 1095 3586 propositum,
1114 3526 1272 3583 onerentur,
1284 3493 1431 3586 {wem

168 3604 307 3670 volumus,
319 3613 346 3658 et
364 3614 460 3660 tenore
477 3603 654 3674 presencium
671 3604 862 3675 prouidemus,
875 3614 905 3658 vt
921 3605 958 3658 de
973 3604 1091 3673 singulis
1105 3603 1274 3673 dyocesibus
1284 3600 1391 3687 {effi}
1416 3605 1431 3635 ¹

168 3691 271 3761 singuli
288 3691 408 3746 abbates
424 3708 482 3746 non
499 3692 620 3763 exempti
636 3692 675 3746 ab
691 3691 753 3762 alijs
770 3689 958 3746 coabbatibus
974 3707 1071 3746 eorum
1089 3703 1116 3745 et
1134 3691 1274 3762 prioribus
1286 3695 1388 3738 couneu
1399 3699 1425 3736 tt

168 3777 295 3834 eiusdem
312 3779 467 3848 dyoceseos
484 3779 612 3836 similiter
629 3797 686 3834 non
703 3781 841 3849 exemptis
857 3789 1053 3849 procuratores
1066 3779 1191 3850 legitime
1202 3780 1274 3835 ordi·
1286 3747 1385 3839 iiii?

167 3878 269 3922 nentur
280 3869 318 3923 ad
331 3868 522 3943 recipiendum
536 3869 724 3940 apostolicum
736 3869 903 3924 mandatum
916 3885 981 3923 cum
993 3869 1174 3924 ordinacione
1186 3869 1274 3940 ipsius
1286 3847 1364 3939 ffl,

169 3954 287 4026 Concilij
310 3955 469 4026 superbiis
490 3972 545 4026 que
567 3957 596 4010 in
618 3957 719 4011 eodem
741 3955 869 4010 Concilio
890 3965 955 4010 sunt
976 3956 1089 4026 agenda
1109 3957 1224 4027 plenum
1246 3967 1275 4011 et
1286 3947 1399 4049 ffi’ffi'

167 4039 323 4109 legitimum
336 4041 503 4096 mandatum
516 4043 553 4097 ab
565 4041 634 4113 ipsis
646 4044 793 4110 babentes,
801 4053 830 4098 et
842 4059 893 4112 pro
906 4061 937 4099 se
949 4061 984 4098 ac
996 4044 1051 4098 illis
1064 4060 1129 4098 curn
1139 4044 1274 4099 mandato
1286 4047 1428 4100 appointed.

167 4127 328 4182 huiusmodi
340 4129 377 4184 ad
387 4129 464 4185 idem
475 4129 633 4184 Concilium
643 4131 807 4199 accessuris,
816 4130 871 4184 hoc
880 4130 981 4185 eodem
991 4131 1077 4186 modo
1086 4132 1115 4186 in
1125 4131 1274 4202 prepositis

215 4267 339 4328 ²ordine,
354 4271 381 4319 M
405 4305 412 4318 .

216 4351 226 4381 ¹
245 4353 314 4417 Pope
330 4271 452 4401 Nicliolas
467 4353 525 4402 died
542 4353 641 4418 4April
660 4369 729 4420 ¹²9²·
763 4353 819 4401 The
836 4353 892 4401 Bull
908 4354 988 4401 above
1003 4353 1148 4402 mentioned
1162 4355 1183 4401 is
1199 4353 1275 4403 dated

169 4449 199 4500 29
213 4435 310 4495 March,
328 4451 398 4500 ¹²9¹·
