<?xml version="1.0" encoding="UTF-8"?>
<!DOCTYPE html PUBLIC "-//W3C//DTD XHTML 1.0 Transitional//EN"
    "http://www.w3.org/TR/xhtml1/DTD/xhtml1-transitional.dtd">
<html xmlns="http://www.w3.org/1999/xhtml" xml:lang="en" lang="en">
 <head>
  <title>
</title>
<meta http-equiv="Content-Type" content="text/html;charset=utf-8" />
  <meta name='ocr-system' content='tesseract 3.04.00' />
  <meta name='ocr-capabilities' content='ocr_page ocr_carea ocr_par ocr_line ocrx_word'/>
</head>
<body>
  <div class='ocr_page' id='page_1' title='image "./libermemorandor00clargoog/libermemorandor00clargoog_0333.png"; bbox 0 0 3234 5059; ppageno 0'>
   <div class='ocr_carea' id='block_1_1' title="bbox 160 378 1264 480">
    <p class='ocr_par' dir='ltr' id='par_1_1' title="bbox 160 378 1264 480">
     <span class='ocr_line' id='line_1_1' title="bbox 160 378 1264 480; baseline 0.004 -28"><span class='ocrx_word' id='word_1_1' title='bbox 160 378 217 479; x_wconf 86' lang='lat' dir='ltr'>vr]</span> <span class='ocrx_word' id='word_1_2' title='bbox 460 382 656 457; x_wconf 80' lang='lat' dir='ltr'>Hundred</span> <span class='ocrx_word' id='word_1_3' title='bbox 677 382 725 480; x_wconf 89' lang='lat' dir='ltr'>of</span> <span class='ocrx_word' id='word_1_4' title='bbox 748 382 786 455; x_wconf 87' lang='lat' dir='ltr'><em>T</em></span> <span class='ocrx_word' id='word_1_5' title='bbox 781 380 935 458; x_wconf 79' lang='lat' dir='ltr'>oscland</span> <span class='ocrx_word' id='word_1_6' title='bbox 1193 386 1264 477; x_wconf 84' lang='lat'>265</span> 
     </span>
    </p>
   </div>
   <div class='ocr_carea' id='block_1_2' title="bbox 159 564 1382 3568">
    <p class='ocr_par' dir='ltr' id='par_1_2' title="bbox 160 564 1267 737">
     <span class='ocr_line' id='line_1_2' title="bbox 230 564 1267 651; baseline 0 -21"><span class='ocrx_word' id='word_1_7' title='bbox 230 565 422 631; x_wconf 78' lang='lat' dir='ltr'>Touleslond</span> <span class='ocrx_word' id='word_1_8' title='bbox 448 567 656 651; x_wconf 91' lang='lat' dir='ltr'>[Toseland].</span> <span class='ocrx_word' id='word_1_9' title='bbox 718 566 885 632; x_wconf 90' lang='lat' dir='ltr'>Imbertus</span> <span class='ocrx_word' id='word_1_10' title='bbox 915 566 958 631; x_wconf 93' lang='lat' dir='ltr'>de</span> <span class='ocrx_word' id='word_1_11' title='bbox 996 564 1141 630; x_wconf 86' lang='lat' dir='ltr'>Herford</span> <span class='ocrx_word' id='word_1_12' title='bbox 1172 575 1267 630; x_wconf 90' lang='lat' dir='ltr'>tenet</span> 
     </span>
     <span class='ocr_line' id='line_1_3' title="bbox 160 668 595 737; baseline 0.011 -5"><span class='ocrx_word' id='word_1_13' title='bbox 160 668 295 735; x_wconf 87' lang='lat' dir='ltr'>feodum</span> <span class='ocrx_word' id='word_1_14' title='bbox 318 671 448 736; x_wconf 92' lang='lat' dir='ltr'>dimidii</span> <span class='ocrx_word' id='word_1_15' title='bbox 473 672 595 737; x_wconf 90' lang='lat' dir='ltr'>militis.</span> 
     </span>
    </p>

    <p class='ocr_par' dir='ltr' id='par_1_3' title="bbox 159 773 1265 945">
     <span class='ocr_line' id='line_1_4' title="bbox 227 773 1265 861; baseline -0.001 -21"><span class='ocrx_word' id='word_1_16' title='bbox 227 773 346 857; x_wconf 76' lang='lat' dir='ltr'>Offord</span> <span class='ocrx_word' id='word_1_17' title='bbox 372 774 561 860; x_wconf 58' lang='lat' dir='ltr'>cauendis]</span> <span class='ocrx_word' id='word_1_18' title='bbox 592 776 724 861; x_wconf 84' lang='lat' dir='ltr'>[Oliord</span> <span class='ocrx_word' id='word_1_19' title='bbox 757 776 891 860; x_wconf 90' lang='lat' dir='ltr'>Cluny].</span> <span class='ocrx_word' id='word_1_20' title='bbox 947 775 1039 839; x_wconf 88' lang='lat' dir='ltr'>Prior</span> <span class='ocrx_word' id='word_1_21' title='bbox 1068 776 1111 839; x_wconf 89' lang='lat' dir='ltr'>de</span> <span class='ocrx_word' id='word_1_22' title='bbox 1141 774 1265 839; x_wconf 82' lang='lat' dir='ltr'>Teiord</span> 
     </span>
     <span class='ocr_line' id='line_1_5' title="bbox 159 880 523 945; baseline 0.008 -3"><span class='ocrx_word' id='word_1_23' title='bbox 159 887 251 943; x_wconf 90' lang='lat' dir='ltr'>tenet</span> <span class='ocrx_word' id='word_1_24' title='bbox 275 880 307 943; x_wconf 91' lang='lat' dir='ltr'>in</span> <span class='ocrx_word' id='word_1_25' title='bbox 331 880 523 945; x_wconf 80' lang='lat' dir='ltr'>elemosina</span> 
     </span>
    </p>

    <p class='ocr_par' dir='ltr' id='par_1_4' title="bbox 159 982 1268 1901">
     <span class='ocr_line' id='line_1_6' title="bbox 227 982 1268 1069; baseline -0.001 -22"><span class='ocrx_word' id='word_1_26' title='bbox 227 982 346 1066; x_wconf 79' lang='lat' dir='ltr'>Offord</span> <span class='ocrx_word' id='word_1_27' title='bbox 363 983 497 1066; x_wconf 82' lang='lat' dir='ltr'>Daneys</span> <span class='ocrx_word' id='word_1_28' title='bbox 519 984 650 1069; x_wconf 81' lang='lat' dir='ltr'>[Offord</span> <span class='ocrx_word' id='word_1_29' title='bbox 676 983 836 1067; x_wconf 89' lang='lat' dir='ltr'>D&#39;Arcy].</span> <span class='ocrx_word' id='word_1_30' title='bbox 879 982 1051 1066; x_wconf 87' lang='lat' dir='ltr'>Johannes</span> <span class='ocrx_word' id='word_1_31' title='bbox 1074 983 1106 1047; x_wconf 91' lang='lat' dir='ltr'>le</span> <span class='ocrx_word' id='word_1_32' title='bbox 1129 983 1268 1066; x_wconf 87' lang='lat' dir='ltr'>Daneys</span> 
     </span>
     <span class='ocr_line' id='line_1_7' title="bbox 160 1086 1267 1172; baseline 0 -21"><span class='ocrx_word' id='word_1_33' title='bbox 160 1096 252 1151; x_wconf 89' lang='lat' dir='ltr'>tenet</span> <span class='ocrx_word' id='word_1_34' title='bbox 282 1087 416 1153; x_wconf 86' lang='lat' dir='ltr'>feodum</span> <span class='ocrx_word' id='word_1_35' title='bbox 444 1089 473 1172; x_wconf 87' lang='lat' dir='ltr'>.j.</span> <span class='ocrx_word' id='word_1_36' title='bbox 500 1090 614 1154; x_wconf 91' lang='lat' dir='ltr'>militis</span> <span class='ocrx_word' id='word_1_37' title='bbox 637 1089 679 1155; x_wconf 92' lang='lat' dir='ltr'>de</span> <span class='ocrx_word' id='word_1_38' title='bbox 707 1089 840 1155; x_wconf 90' lang='lat' dir='ltr'>Comite</span> <span class='ocrx_word' id='word_1_39' title='bbox 865 1088 1089 1172; x_wconf 89' lang='lat' dir='ltr'>Huntyndon.</span> <span class='ocrx_word' id='word_1_40' title='bbox 1136 1086 1267 1152; x_wconf 87' lang='lat' dir='ltr'>Ibidem</span> 
     </span>
     <span class='ocr_line' id='line_1_8' title="bbox 160 1190 1267 1277; baseline 0 -22"><span class='ocrx_word' id='word_1_41' title='bbox 160 1191 348 1257; x_wconf 88' lang='lat' dir='ltr'>Willelmus</span> <span class='ocrx_word' id='word_1_42' title='bbox 375 1194 406 1259; x_wconf 94' lang='lat' dir='ltr'>le</span> <span class='ocrx_word' id='word_1_43' title='bbox 433 1194 560 1277; x_wconf 90' lang='lat' dir='ltr'>Moyne</span> <span class='ocrx_word' id='word_1_44' title='bbox 586 1204 680 1259; x_wconf 88' lang='lat' dir='ltr'>tenet</span> <span class='ocrx_word' id='word_1_45' title='bbox 702 1193 838 1258; x_wconf 79' lang='lat' dir='ltr'>feodum</span> <span class='ocrx_word' id='word_1_46' title='bbox 860 1192 901 1274; x_wconf 83' lang='lat' dir='ltr'>ij.</span> <span class='ocrx_word' id='word_1_47' title='bbox 926 1193 1075 1275; x_wconf 89' lang='lat' dir='ltr'>parcium</span> <span class='ocrx_word' id='word_1_48' title='bbox 1098 1190 1127 1274; x_wconf 85' lang='lat' dir='ltr'>.j.</span> <span class='ocrx_word' id='word_1_49' title='bbox 1151 1192 1267 1255; x_wconf 91' lang='lat' dir='ltr'>militis</span> 
     </span>
     <span class='ocr_line' id='line_1_9' title="bbox 159 1295 1266 1385; baseline -0.002 -24"><span class='ocrx_word' id='word_1_50' title='bbox 159 1316 235 1361; x_wconf 90' lang='lat' dir='ltr'>cum</span> <span class='ocrx_word' id='word_1_51' title='bbox 252 1297 378 1385; x_wconf 68' lang='lat' dir='ltr'>Toring</span> <span class='ocrx_word' id='word_1_52' title='bbox 392 1308 427 1364; x_wconf 89' lang='lat' dir='ltr'>et</span> <span class='ocrx_word' id='word_1_53' title='bbox 445 1299 717 1383; x_wconf 85' lang='lat' dir='ltr'>Hemmyngford</span> <span class='ocrx_word' id='word_1_54' title='bbox 734 1300 776 1363; x_wconf 91' lang='lat' dir='ltr'>de</span> <span class='ocrx_word' id='word_1_55' title='bbox 793 1298 893 1362; x_wconf 82' lang='lat' dir='ltr'>leodo</span> <span class='ocrx_word' id='word_1_56' title='bbox 905 1298 1062 1374; x_wconf 89' lang='lat' dir='ltr'>Luuetot‚</span> <span class='ocrx_word' id='word_1_57' title='bbox 1071 1306 1105 1360; x_wconf 91' lang='lat' dir='ltr'>et</span> <span class='ocrx_word' id='word_1_58' title='bbox 1120 1295 1221 1362; x_wconf 90' lang='lat' dir='ltr'>debet</span> <span class='ocrx_word' id='word_1_59' title='bbox 1237 1296 1266 1379; x_wconf 88' lang='lat' dir='ltr'>.j.</span> 
     </span>
     <span class='ocr_line' id='line_1_10' title="bbox 159 1399 1266 1484; baseline -0.003 -19"><span class='ocrx_word' id='word_1_60' title='bbox 159 1410 295 1479; x_wconf 87' lang='lat' dir='ltr'>sectam,</span> <span class='ocrx_word' id='word_1_61' title='bbox 310 1412 344 1466; x_wconf 91' lang='lat' dir='ltr'>et</span> <span class='ocrx_word' id='word_1_62' title='bbox 359 1401 403 1467; x_wconf 91' lang='lat' dir='ltr'>de</span> <span class='ocrx_word' id='word_1_63' title='bbox 416 1404 545 1467; x_wconf 87' lang='lat' dir='ltr'>auxilio</span> <span class='ocrx_word' id='word_1_64' title='bbox 560 1402 765 1468; x_wconf 86' lang='lat' dir='ltr'>vicecomitis</span> <span class='ocrx_word' id='word_1_65' title='bbox 781 1401 880 1484; x_wconf 64' lang='lat' dir='ltr'>xiid.</span> <span class='ocrx_word' id='word_1_66' title='bbox 925 1400 971 1465; x_wconf 90' lang='lat' dir='ltr'>Et</span> <span class='ocrx_word' id='word_1_67' title='bbox 986 1411 1065 1465; x_wconf 88' lang='lat' dir='ltr'>sunt</span> <span class='ocrx_word' id='word_1_68' title='bbox 1086 1399 1210 1464; x_wconf 88' lang='lat' dir='ltr'>ibidem</span> <span class='ocrx_word' id='word_1_69' title='bbox 1225 1399 1266 1481; x_wconf 82' lang='lat' dir='ltr'>ij.</span> 
     </span>
     <span class='ocr_line' id='line_1_11' title="bbox 159 1502 1266 1587; baseline -0.001 -20"><span class='ocrx_word' id='word_1_70' title='bbox 159 1504 237 1569; x_wconf 87' lang='lat' dir='ltr'>hide</span> <span class='ocrx_word' id='word_1_71' title='bbox 248 1505 440 1587; x_wconf 89' lang='lat' dir='ltr'>geldabiles.</span> <span class='ocrx_word' id='word_1_72' title='bbox 481 1506 672 1571; x_wconf 92' lang='lat' dir='ltr'>Willelmus</span> <span class='ocrx_word' id='word_1_73' title='bbox 683 1507 726 1570; x_wconf 91' lang='lat' dir='ltr'>de</span> <span class='ocrx_word' id='word_1_74' title='bbox 741 1503 1016 1569; x_wconf 87' lang='lat' dir='ltr'>Hardricheshell</span> <span class='ocrx_word' id='word_1_75' title='bbox 1026 1513 1119 1567; x_wconf 86' lang='lat' dir='ltr'>tenet</span> <span class='ocrx_word' id='word_1_76' title='bbox 1131 1502 1266 1567; x_wconf 77' lang='lat' dir='ltr'>feodum</span> 
     </span>
     <span class='ocr_line' id='line_1_12' title="bbox 159 1606 1266 1691; baseline -0.002 -18"><span class='ocrx_word' id='word_1_77' title='bbox 159 1607 289 1673; x_wconf 92' lang='lat' dir='ltr'>dimidii</span> <span class='ocrx_word' id='word_1_78' title='bbox 307 1610 421 1674; x_wconf 90' lang='lat' dir='ltr'>militis</span> <span class='ocrx_word' id='word_1_79' title='bbox 437 1611 480 1675; x_wconf 93' lang='lat' dir='ltr'>de</span> <span class='ocrx_word' id='word_1_80' title='bbox 495 1609 595 1675; x_wconf 79' lang='lat' dir='ltr'>feodo</span> <span class='ocrx_word' id='word_1_81' title='bbox 618 1609 763 1675; x_wconf 84' lang='lat' dir='ltr'>Abbatis</span> <span class='ocrx_word' id='word_1_82' title='bbox 783 1610 827 1674; x_wconf 91' lang='lat' dir='ltr'>de</span> <span class='ocrx_word' id='word_1_83' title='bbox 849 1610 1047 1691; x_wconf 87' lang='lat' dir='ltr'>Rameseye,</span> <span class='ocrx_word' id='word_1_84' title='bbox 1061 1618 1096 1672; x_wconf 88' lang='lat' dir='ltr'>et</span> <span class='ocrx_word' id='word_1_85' title='bbox 1115 1609 1217 1673; x_wconf 88' lang='lat' dir='ltr'>debet</span> <span class='ocrx_word' id='word_1_86' title='bbox 1237 1606 1266 1689; x_wconf 89' lang='lat' dir='ltr'>.j.</span> 
     </span>
     <span class='ocr_line' id='line_1_13' title="bbox 159 1712 1267 1797; baseline 0.001 -21"><span class='ocrx_word' id='word_1_87' title='bbox 159 1722 296 1791; x_wconf 91' lang='lat' dir='ltr'>sectam,</span> <span class='ocrx_word' id='word_1_88' title='bbox 318 1724 352 1778; x_wconf 90' lang='lat' dir='ltr'>et</span> <span class='ocrx_word' id='word_1_89' title='bbox 375 1714 417 1779; x_wconf 91' lang='lat' dir='ltr'>de</span> <span class='ocrx_word' id='word_1_90' title='bbox 440 1715 569 1779; x_wconf 89' lang='lat' dir='ltr'>auxilio</span> <span class='ocrx_word' id='word_1_91' title='bbox 592 1714 797 1779; x_wconf 86' lang='lat' dir='ltr'>vicecomitis</span> <span class='ocrx_word' id='word_1_92' title='bbox 821 1713 900 1796; x_wconf 61' lang='lat' dir='ltr'>‚iijs</span> <span class='ocrx_word' id='word_1_93' title='bbox 923 1725 958 1779; x_wconf 92' lang='lat' dir='ltr'>et</span> <span class='ocrx_word' id='word_1_94' title='bbox 979 1722 1073 1778; x_wconf 87' lang='lat' dir='ltr'>tenet</span> <span class='ocrx_word' id='word_1_95' title='bbox 1094 1712 1148 1797; x_wconf 80' lang='lat' dir='ltr'>iij.</span> <span class='ocrx_word' id='word_1_96' title='bbox 1170 1712 1267 1777; x_wconf 88' lang='lat' dir='ltr'>hidas</span> 
     </span>
     <span class='ocr_line' id='line_1_14' title="bbox 159 1818 353 1901; baseline 0.01 -20"><span class='ocrx_word' id='word_1_97' title='bbox 159 1818 353 1901; x_wconf 85' lang='lat' dir='ltr'>geldabiles.</span> 
     </span>
    </p>

    <p class='ocr_par' dir='ltr' id='par_1_5' title="bbox 160 1918 1267 2629">
     <span class='ocr_line' id='line_1_15' title="bbox 224 1918 1267 2005; baseline -0.002 -20"><span class='ocrx_word' id='word_1_98' title='bbox 224 1920 484 2005; x_wconf 74' lang='lat' dir='ltr'>Hemmingy‘ord</span> <span class='ocrx_word' id='word_1_99' title='bbox 509 1920 541 1985; x_wconf 88' lang='lat' dir='ltr'><em>T</em></span> <span class='ocrx_word' id='word_1_100' title='bbox 537 1920 704 1987; x_wconf 70' lang='lat' dir='ltr'>urbleuille</span> <span class='ocrx_word' id='word_1_101' title='bbox 725 1920 967 2004; x_wconf 80' lang='lat' dir='ltr'>[Hemingiord</span> <span class='ocrx_word' id='word_1_102' title='bbox 995 1918 1109 2003; x_wconf 86' lang='lat' dir='ltr'>Grey].</span> <span class='ocrx_word' id='word_1_103' title='bbox 1154 1918 1267 1984; x_wconf 86' lang='lat' dir='ltr'>Alicia</span> 
     </span>
     <span class='ocr_line' id='line_1_16' title="bbox 160 2023 1267 2108; baseline 0.002 -21"><span class='ocrx_word' id='word_1_104' title='bbox 160 2023 203 2088; x_wconf 88' lang='lat' dir='ltr'>de</span> <span class='ocrx_word' id='word_1_105' title='bbox 222 2024 407 2089; x_wconf 85' lang='lat' dir='ltr'>Turbleuill</span> <span class='ocrx_word' id='word_1_106' title='bbox 431 2035 466 2091; x_wconf 90' lang='lat' dir='ltr'>et</span> <span class='ocrx_word' id='word_1_107' title='bbox 489 2026 613 2090; x_wconf 89' lang='lat' dir='ltr'>Emma</span> <span class='ocrx_word' id='word_1_108' title='bbox 633 2026 676 2089; x_wconf 92' lang='lat' dir='ltr'>de</span> <span class='ocrx_word' id='word_1_109' title='bbox 698 2025 791 2107; x_wconf 83' lang='lat' dir='ltr'>Lega</span> <span class='ocrx_word' id='word_1_110' title='bbox 811 2034 929 2089; x_wconf 90' lang='lat' dir='ltr'>tenent</span> <span class='ocrx_word' id='word_1_111' title='bbox 949 2026 992 2090; x_wconf 92' lang='lat' dir='ltr'>de</span> <span class='ocrx_word' id='word_1_112' title='bbox 1012 2024 1151 2089; x_wconf 91' lang='lat' dir='ltr'>domino</span> <span class='ocrx_word' id='word_1_113' title='bbox 1172 2024 1267 2108; x_wconf 82' lang='lat' dir='ltr'>Rege</span> 
     </span>
     <span class='ocr_line' id='line_1_17' title="bbox 160 2128 1267 2213; baseline 0.002 -22"><span class='ocrx_word' id='word_1_114' title='bbox 160 2150 219 2212; x_wconf 91' lang='lat' dir='ltr'>per</span> <span class='ocrx_word' id='word_1_115' title='bbox 252 2129 457 2194; x_wconf 89' lang='lat' dir='ltr'>serianciam.</span> <span class='ocrx_word' id='word_1_116' title='bbox 508 2128 697 2194; x_wconf 91' lang='lat' dir='ltr'>Willelmus</span> <span class='ocrx_word' id='word_1_117' title='bbox 731 2130 774 2194; x_wconf 91' lang='lat' dir='ltr'>de</span> <span class='ocrx_word' id='word_1_118' title='bbox 804 2129 927 2213; x_wconf 85' lang='lat' dir='ltr'>Quoye</span> <span class='ocrx_word' id='word_1_119' title='bbox 964 2136 1058 2193; x_wconf 87' lang='lat' dir='ltr'>tenet</span> <span class='ocrx_word' id='word_1_120' title='bbox 1088 2128 1130 2192; x_wconf 92' lang='lat' dir='ltr'>de</span> <span class='ocrx_word' id='word_1_121' title='bbox 1168 2128 1267 2194; x_wconf 88' lang='lat' dir='ltr'>feodo</span> 
     </span>
     <span class='ocr_line' id='line_1_18' title="bbox 161 2230 1266 2315; baseline 0.001 -22"><span class='ocrx_word' id='word_1_122' title='bbox 161 2230 308 2297; x_wconf 92' lang='lat' dir='ltr'>Luuetot</span> <span class='ocrx_word' id='word_1_123' title='bbox 328 2233 466 2297; x_wconf 87' lang='lat' dir='ltr'>terciam</span> <span class='ocrx_word' id='word_1_124' title='bbox 488 2242 618 2315; x_wconf 89' lang='lat' dir='ltr'>partem</span> <span class='ocrx_word' id='word_1_125' title='bbox 639 2231 692 2315; x_wconf 78' lang='lat' dir='ltr'>iij.</span> <span class='ocrx_word' id='word_1_126' title='bbox 711 2231 816 2315; x_wconf 90' lang='lat' dir='ltr'>partis</span> <span class='ocrx_word' id='word_1_127' title='bbox 837 2230 867 2313; x_wconf 87' lang='lat' dir='ltr'>.j.</span> <span class='ocrx_word' id='word_1_128' title='bbox 888 2231 1013 2308; x_wconf 91' lang='lat' dir='ltr'>militis,</span> <span class='ocrx_word' id='word_1_129' title='bbox 1027 2241 1063 2296; x_wconf 91' lang='lat' dir='ltr'>et</span> <span class='ocrx_word' id='word_1_130' title='bbox 1078 2230 1266 2296; x_wconf 90' lang='lat' dir='ltr'>Willelmus</span> 
     </span>
     <span class='ocr_line' id='line_1_19' title="bbox 160 2335 1266 2420; baseline -0.001 -18"><span class='ocrx_word' id='word_1_131' title='bbox 160 2335 373 2419; x_wconf 87' lang='lat' dir='ltr'>Capelianus.</span> <span class='ocrx_word' id='word_1_132' title='bbox 433 2338 565 2402; x_wconf 88' lang='lat' dir='ltr'>ibidem</span> <span class='ocrx_word' id='word_1_133' title='bbox 601 2337 772 2420; x_wconf 89' lang='lat' dir='ltr'>Johannes</span> <span class='ocrx_word' id='word_1_134' title='bbox 808 2335 895 2399; x_wconf 88' lang='lat' dir='ltr'>filius</span> <span class='ocrx_word' id='word_1_135' title='bbox 932 2336 1071 2401; x_wconf 88' lang='lat' dir='ltr'>Roberti</span> <span class='ocrx_word' id='word_1_136' title='bbox 1107 2336 1207 2401; x_wconf 83' lang='lat' dir='ltr'>debet</span> <span class='ocrx_word' id='word_1_137' title='bbox 1237 2335 1266 2418; x_wconf 86' lang='lat' dir='ltr'>.j.</span> 
     </span>
     <span class='ocr_line' id='line_1_20' title="bbox 160 2439 1266 2525; baseline 0 -22"><span class='ocrx_word' id='word_1_138' title='bbox 160 2451 286 2505; x_wconf 90' lang='lat' dir='ltr'>sectam</span> <span class='ocrx_word' id='word_1_139' title='bbox 309 2452 344 2506; x_wconf 90' lang='lat' dir='ltr'>et</span> <span class='ocrx_word' id='word_1_140' title='bbox 366 2440 585 2525; x_wconf 90' lang='lat' dir='ltr'>W[illelmus]</span> <span class='ocrx_word' id='word_1_141' title='bbox 610 2441 652 2505; x_wconf 92' lang='lat' dir='ltr'>de</span> <span class='ocrx_word' id='word_1_142' title='bbox 681 2440 803 2524; x_wconf 87' lang='lat' dir='ltr'>Quoye</span> <span class='ocrx_word' id='word_1_143' title='bbox 833 2440 934 2503; x_wconf 87' lang='lat' dir='ltr'>debet</span> <span class='ocrx_word' id='word_1_144' title='bbox 960 2441 1003 2503; x_wconf 89' lang='lat' dir='ltr'>de</span> <span class='ocrx_word' id='word_1_145' title='bbox 1030 2439 1157 2503; x_wconf 87' lang='lat' dir='ltr'>auxilio</span> <span class='ocrx_word' id='word_1_146' title='bbox 1180 2441 1266 2503; x_wconf 92' lang='lat' dir='ltr'>vice-</span> 
     </span>
     <span class='ocr_line' id='line_1_21' title="bbox 160 2543 1086 2629; baseline 0 -20"><span class='ocrx_word' id='word_1_147' title='bbox 160 2546 292 2609; x_wconf 91' lang='lat' dir='ltr'>comitis</span> <span class='ocrx_word' id='word_1_148' title='bbox 313 2567 386 2623; x_wconf 71' lang='lat' dir='ltr'>.v„5.,</span> <span class='ocrx_word' id='word_1_149' title='bbox 410 2556 444 2610; x_wconf 89' lang='lat' dir='ltr'>et</span> <span class='ocrx_word' id='word_1_150' title='bbox 466 2556 545 2610; x_wconf 91' lang='lat' dir='ltr'>sunt</span> <span class='ocrx_word' id='word_1_151' title='bbox 568 2545 693 2609; x_wconf 92' lang='lat' dir='ltr'>ibidem</span> <span class='ocrx_word' id='word_1_152' title='bbox 716 2544 768 2629; x_wconf 81' lang='lat' dir='ltr'>iij.</span> <span class='ocrx_word' id='word_1_153' title='bbox 792 2544 872 2608; x_wconf 87' lang='lat' dir='ltr'>hide</span> <span class='ocrx_word' id='word_1_154' title='bbox 893 2543 1086 2626; x_wconf 85' lang='lat' dir='ltr'>geldabiles.</span> 
     </span>
    </p>

    <p class='ocr_par' dir='ltr' id='par_1_6' title="bbox 159 2645 1382 3342">
     <span class='ocr_line' id='line_1_22' title="bbox 225 2645 1267 2735; baseline -0.003 -20"><span class='ocrx_word' id='word_1_155' title='bbox 225 2650 454 2735; x_wconf 78' lang='lat' dir='ltr'>Hemingsord</span> <span class='ocrx_word' id='word_1_156' title='bbox 465 2649 606 2715; x_wconf 69' lang='lat' dir='ltr'>Abbatb</span> <span class='ocrx_word' id='word_1_157' title='bbox 623 2648 863 2735; x_wconf 86' lang='lat' dir='ltr'>[Hemingsord</span> <span class='ocrx_word' id='word_1_158' title='bbox 881 2645 1047 2730; x_wconf 90' lang='lat' dir='ltr'>Abbot&#39;s].</span> <span class='ocrx_word' id='word_1_159' title='bbox 1090 2646 1208 2711; x_wconf 90' lang='lat' dir='ltr'>Abbas</span> <span class='ocrx_word' id='word_1_160' title='bbox 1224 2649 1267 2712; x_wconf 94' lang='lat' dir='ltr'>de</span> 
     </span>
     <span class='ocr_line' id='line_1_23' title="bbox 162 2752 1266 2838; baseline -0.001 -20"><span class='ocrx_word' id='word_1_161' title='bbox 162 2755 350 2838; x_wconf 88' lang='lat' dir='ltr'>Rameseye</span> <span class='ocrx_word' id='word_1_162' title='bbox 380 2765 473 2820; x_wconf 88' lang='lat' dir='ltr'>tenet</span> <span class='ocrx_word' id='word_1_163' title='bbox 502 2759 544 2820; x_wconf 91' lang='lat' dir='ltr'>de</span> <span class='ocrx_word' id='word_1_164' title='bbox 575 2756 713 2820; x_wconf 89' lang='lat' dir='ltr'>domino</span> <span class='ocrx_word' id='word_1_165' title='bbox 750 2755 846 2838; x_wconf 86' lang='lat' dir='ltr'>Rege</span> <span class='ocrx_word' id='word_1_166' title='bbox 881 2754 913 2816; x_wconf 90' lang='lat' dir='ltr'>in</span> <span class='ocrx_word' id='word_1_167' title='bbox 944 2753 1047 2817; x_wconf 89' lang='lat' dir='ltr'>libera</span> <span class='ocrx_word' id='word_1_168' title='bbox 1076 2752 1266 2817; x_wconf 86' lang='lat' dir='ltr'>elemosina</span> 
     </span>
     <span class='ocr_line' id='line_1_24' title="bbox 162 2857 1382 2953; baseline -0.002 -30"><span class='ocrx_word' id='word_1_169' title='bbox 162 2860 292 2924; x_wconf 89' lang='lat' dir='ltr'>Ibidem</span> <span class='ocrx_word' id='word_1_170' title='bbox 317 2859 447 2943; x_wconf 89' lang='lat' dir='ltr'>Symon</span> <span class='ocrx_word' id='word_1_171' title='bbox 471 2860 501 2923; x_wconf 89' lang='lat' dir='ltr'>le</span> <span class='ocrx_word' id='word_1_172' title='bbox 527 2861 598 2942; x_wconf 89' lang='lat' dir='ltr'>Eyr</span> <span class='ocrx_word' id='word_1_173' title='bbox 619 2870 711 2925; x_wconf 91' lang='lat' dir='ltr'>tenet</span> <span class='ocrx_word' id='word_1_174' title='bbox 727 2859 777 2943; x_wconf 86' lang='lat' dir='ltr'>.vj.</span> <span class='ocrx_word' id='word_1_175' title='bbox 797 2859 945 2941; x_wconf 87' lang='lat' dir='ltr'>virgatas</span> <span class='ocrx_word' id='word_1_176' title='bbox 967 2867 1053 2921; x_wconf 89' lang='lat' dir='ltr'>terre</span> <span class='ocrx_word' id='word_1_177' title='bbox 1075 2857 1267 2940; x_wconf 87' lang='lat' dir='ltr'>geldabiles,</span> <span class='ocrx_word' id='word_1_178' title='bbox 1279 2891 1296 2940; x_wconf 53' lang='lat' dir='ltr'>s,</span> <span class='ocrx_word' id='word_1_179' title='bbox 1312 2907 1320 2940; x_wconf 81' lang='lat'><em>,</em></span> <span class='ocrx_word' id='word_1_180' title='bbox 1326 2892 1382 2953; x_wconf 73' lang='lat'>521)</span> 
     </span>
     <span class='ocr_line' id='line_1_25' title="bbox 160 2962 1266 3041; baseline -0.002 -14"><span class='ocrx_word' id='word_1_181' title='bbox 160 2973 194 3027; x_wconf 89' lang='lat' dir='ltr'>et</span> <span class='ocrx_word' id='word_1_182' title='bbox 216 2963 317 3028; x_wconf 89' lang='lat' dir='ltr'>debet</span> <span class='ocrx_word' id='word_1_183' title='bbox 338 2965 366 3029; x_wconf 88' lang='lat' dir='ltr'>.i.</span> <span class='ocrx_word' id='word_1_184' title='bbox 387 2974 522 3041; x_wconf 89' lang='lat' dir='ltr'>sectam,</span> <span class='ocrx_word' id='word_1_185' title='bbox 544 2974 578 3028; x_wconf 90' lang='lat' dir='ltr'>et</span> <span class='ocrx_word' id='word_1_186' title='bbox 599 2964 764 3028; x_wconf 91' lang='lat' dir='ltr'>Ricardus</span> <span class='ocrx_word' id='word_1_187' title='bbox 788 2962 863 3026; x_wconf 90' lang='lat' dir='ltr'>Wls</span> <span class='ocrx_word' id='word_1_188' title='bbox 881 2962 980 3027; x_wconf 92' lang='lat' dir='ltr'>debet</span> <span class='ocrx_word' id='word_1_189' title='bbox 996 2962 1024 3026; x_wconf 89' lang='lat' dir='ltr'>.i.</span> <span class='ocrx_word' id='word_1_190' title='bbox 1039 2972 1175 3026; x_wconf 88' lang='lat' dir='ltr'>sectam.</span> <span class='ocrx_word' id='word_1_191' title='bbox 1221 2963 1266 3025; x_wconf 90' lang='lat' dir='ltr'>Et</span> 
     </span>
     <span class='ocr_line' id='line_1_26' title="bbox 162 3066 1267 3150; baseline 0.001 -20"><span class='ocrx_word' id='word_1_192' title='bbox 162 3068 269 3131; x_wconf 88' lang='lat' dir='ltr'>Maria</span> <span class='ocrx_word' id='word_1_193' title='bbox 301 3068 332 3131; x_wconf 91' lang='lat' dir='ltr'>le</span> <span class='ocrx_word' id='word_1_194' title='bbox 363 3067 442 3150; x_wconf 88' lang='lat' dir='ltr'>Eyr‚</span> <span class='ocrx_word' id='word_1_195' title='bbox 472 3068 639 3150; x_wconf 89' lang='lat' dir='ltr'>Jordanus</span> <span class='ocrx_word' id='word_1_196' title='bbox 669 3068 712 3131; x_wconf 91' lang='lat' dir='ltr'>de</span> <span class='ocrx_word' id='word_1_197' title='bbox 743 3068 891 3141; x_wconf 79' lang='lat' dir='ltr'>vernon,</span> <span class='ocrx_word' id='word_1_198' title='bbox 921 3076 955 3130; x_wconf 91' lang='lat' dir='ltr'>et</span> <span class='ocrx_word' id='word_1_199' title='bbox 989 3067 1180 3149; x_wconf 86' lang='lat' dir='ltr'>Margareta</span> <span class='ocrx_word' id='word_1_200' title='bbox 1209 3066 1267 3149; x_wconf 92' lang='lat' dir='ltr'>[de</span> 
     </span>
     <span class='ocr_line' id='line_1_27' title="bbox 161 3171 1267 3256; baseline -0.003 -19"><span class='ocrx_word' id='word_1_201' title='bbox 161 3172 337 3255; x_wconf 88' lang='lat' dir='ltr'>Vernun]¹‚</span> <span class='ocrx_word' id='word_1_202' title='bbox 352 3172 476 3236; x_wconf 90' lang='lat' dir='ltr'>debent</span> <span class='ocrx_word' id='word_1_203' title='bbox 497 3173 525 3256; x_wconf 86' lang='lat' dir='ltr'>.j.</span> <span class='ocrx_word' id='word_1_204' title='bbox 545 3183 681 3249; x_wconf 91' lang='lat' dir='ltr'>sectam,</span> <span class='ocrx_word' id='word_1_205' title='bbox 696 3183 730 3237; x_wconf 93' lang='lat' dir='ltr'>et</span> <span class='ocrx_word' id='word_1_206' title='bbox 753 3182 826 3237; x_wconf 90' lang='lat' dir='ltr'>tota</span> <span class='ocrx_word' id='word_1_207' title='bbox 846 3172 928 3236; x_wconf 86' lang='lat' dir='ltr'>villa</span> <span class='ocrx_word' id='word_1_208' title='bbox 949 3171 1050 3237; x_wconf 88' lang='lat' dir='ltr'>debet</span> <span class='ocrx_word' id='word_1_209' title='bbox 1073 3171 1116 3235; x_wconf 92' lang='lat' dir='ltr'>de</span> <span class='ocrx_word' id='word_1_210' title='bbox 1138 3172 1267 3235; x_wconf 89' lang='lat' dir='ltr'>auxilio</span> 
     </span>
     <span class='ocr_line' id='line_1_28' title="bbox 159 3277 642 3342; baseline 0 -1"><span class='ocrx_word' id='word_1_211' title='bbox 159 3277 365 3342; x_wconf 90' lang='lat' dir='ltr'>vicecomitis</span> <span class='ocrx_word' id='word_1_212' title='bbox 387 3298 457 3341; x_wconf 88' lang='lat' dir='ltr'><strong>.xx.</strong></span> <span class='ocrx_word' id='word_1_213' title='bbox 480 3278 642 3342; x_wconf 89' lang='lat' dir='ltr'>denarios.</span> 
     </span>
    </p>

    <p class='ocr_par' dir='ltr' id='par_1_7' title="bbox 159 3378 1265 3568">
     <span class='ocr_line' id='line_1_29' title="bbox 227 3378 1265 3467; baseline -0.004 -20"><span class='ocrx_word' id='word_1_214' title='bbox 227 3382 373 3467; x_wconf 77' lang='lat' dir='ltr'>Gillinge</span> <span class='ocrx_word' id='word_1_215' title='bbox 386 3380 560 3466; x_wconf 88' lang='lat' dir='ltr'>[Yelling].</span> <span class='ocrx_word' id='word_1_216' title='bbox 603 3381 820 3446; x_wconf 90' lang='lat' dir='ltr'>Theobaldus</span> <span class='ocrx_word' id='word_1_217' title='bbox 835 3381 878 3445; x_wconf 91' lang='lat' dir='ltr'>de</span> <span class='ocrx_word' id='word_1_218' title='bbox 891 3381 963 3445; x_wconf 80' lang='lat' dir='ltr'>Lelr</span> <span class='ocrx_word' id='word_1_219' title='bbox 980 3390 1072 3444; x_wconf 88' lang='lat' dir='ltr'>tenet</span> <span class='ocrx_word' id='word_1_220' title='bbox 1088 3378 1152 3463; x_wconf 83' lang='lat' dir='ltr'>iiij.</span> <span class='ocrx_word' id='word_1_221' title='bbox 1168 3380 1265 3443; x_wconf 88' lang='lat' dir='ltr'>hidas</span> 
     </span>
     <span class='ocr_line' id='line_1_30' title="bbox 159 3482 1265 3568; baseline -0.001 -20"><span class='ocrx_word' id='word_1_222' title='bbox 159 3485 342 3568; x_wconf 87' lang='lat' dir='ltr'>geldabiles</span> <span class='ocrx_word' id='word_1_223' title='bbox 364 3484 407 3549; x_wconf 93' lang='lat' dir='ltr'>de</span> <span class='ocrx_word' id='word_1_224' title='bbox 429 3485 552 3549; x_wconf 86' lang='lat' dir='ltr'>abbate</span> <span class='ocrx_word' id='word_1_225' title='bbox 574 3485 618 3549; x_wconf 88' lang='lat' dir='ltr'>de</span> <span class='ocrx_word' id='word_1_226' title='bbox 641 3484 837 3567; x_wconf 90' lang='lat' dir='ltr'>Rameseye,</span> <span class='ocrx_word' id='word_1_227' title='bbox 858 3493 892 3547; x_wconf 90' lang='lat' dir='ltr'>et</span> <span class='ocrx_word' id='word_1_228' title='bbox 912 3484 1013 3548; x_wconf 89' lang='lat' dir='ltr'>debet</span> <span class='ocrx_word' id='word_1_229' title='bbox 1035 3482 1063 3567; x_wconf 89' lang='lat' dir='ltr'>.j.</span> <span class='ocrx_word' id='word_1_230' title='bbox 1083 3494 1210 3549; x_wconf 88' lang='lat' dir='ltr'>sectam</span> <span class='ocrx_word' id='word_1_231' title='bbox 1231 3492 1265 3548; x_wconf 90' lang='lat' dir='ltr'>et</span> 
     </span>
    </p>
   </div>
   <div class='ocr_carea' id='block_1_3' title="bbox 160 3589 820 3775">
    <p class='ocr_par' dir='ltr' id='par_1_8' title="bbox 160 3589 820 3775">
     <span class='ocr_line' id='line_1_31' title="bbox 160 3589 820 3671; baseline -0.002 -17"><span class='ocrx_word' id='word_1_232' title='bbox 160 3590 202 3654; x_wconf 90' lang='lat' dir='ltr'>de</span> <span class='ocrx_word' id='word_1_233' title='bbox 225 3590 351 3654; x_wconf 91' lang='lat' dir='ltr'>auxilio</span> <span class='ocrx_word' id='word_1_234' title='bbox 373 3590 578 3654; x_wconf 90' lang='lat' dir='ltr'>vicecomitis</span> <span class='ocrx_word' id='word_1_235' title='bbox 600 3589 662 3671; x_wconf 86' lang='lat' dir='ltr'>vij.</span> <span class='ocrx_word' id='word_1_236' title='bbox 686 3589 820 3654; x_wconf 91' lang='lat' dir='ltr'>solidos.</span> 
     </span>
     <span class='ocr_line' id='line_1_32' title="bbox 226 3690 648 3775; baseline -0.007 -19"><span class='ocrx_word' id='word_1_237' title='bbox 226 3692 255 3756; x_wconf 81' lang='lat' dir='ltr'><em>S</em></span> <span class='ocrx_word' id='word_1_238' title='bbox 256 3702 384 3756; x_wconf 82' lang='lat' dir='ltr'>tantone</span> <span class='ocrx_word' id='word_1_239' title='bbox 392 3690 478 3775; x_wconf 91' lang='lat' dir='ltr'>[Fen</span> <span class='ocrx_word' id='word_1_240' title='bbox 490 3690 648 3774; x_wconf 86' lang='lat' dir='ltr'>Stanton]</span> 
     </span>
    </p>
   </div>
   <div class='ocr_carea' id='block_1_4' title="bbox 225 3689 1266 3879">
    <p class='ocr_par' dir='ltr' id='par_1_9' title="bbox 225 3689 1266 3879">
     <span class='ocr_line' id='line_1_33' title="bbox 225 3689 1266 3879; baseline -0.002 -72"><span class='ocrx_word' id='word_1_241' title='bbox 225 3794 360 3858; x_wconf 56' lang='lat' dir='ltr'><em>Hiltom</em></span> <span class='ocrx_word' id='word_1_242' title='bbox 377 3792 528 3879; x_wconf 62' lang='lat' dir='ltr'><strong>[Histon]</strong></span> <span class='ocrx_word' id='word_1_243' title='bbox 651 3689 683 3877; x_wconf 41' lang='grc' dir='ltr'>ξ.</span> <span class='ocrx_word' id='word_1_244' title='bbox 706 3741 839 3825; x_wconf 86' lang='lat' dir='ltr'>Regina</span> <span class='ocrx_word' id='word_1_245' title='bbox 848 3740 965 3807; x_wconf 89' lang='lat' dir='ltr'>Scocie</span> <span class='ocrx_word' id='word_1_246' title='bbox 974 3749 1066 3805; x_wconf 86' lang='lat' dir='ltr'>tenet</span> <span class='ocrx_word' id='word_1_247' title='bbox 1075 3741 1118 3805; x_wconf 86' lang='lat' dir='ltr'>de</span> <span class='ocrx_word' id='word_1_248' title='bbox 1127 3742 1266 3806; x_wconf 89' lang='lat' dir='ltr'>domino</span> 
     </span>
    </p>
   </div>
   <div class='ocr_carea' id='block_1_5' title="bbox 156 3899 1269 4601">
    <p class='ocr_par' dir='ltr' id='par_1_10' title="bbox 161 3899 262 3983">
     <span class='ocr_line' id='line_1_34' title="bbox 161 3899 262 3983; baseline 0 -20"><span class='ocrx_word' id='word_1_249' title='bbox 161 3899 262 3983; x_wconf 83' lang='lat' dir='ltr'>Rege.</span> 
     </span>
    </p>

    <p class='ocr_par' dir='ltr' id='par_1_11' title="bbox 156 3998 1269 4497">
     <span class='ocr_line' id='line_1_35' title="bbox 223 3998 689 4086; baseline -0.006 -20"><span class='ocrx_word' id='word_1_250' title='bbox 223 4002 390 4067; x_wconf 83' lang='lat' dir='ltr'>Duditone</span> <span class='ocrx_word' id='word_1_251' title='bbox 400 3998 643 4086; x_wconf 89' lang='lat' dir='ltr'>[Diddington]</span> <span class='ocrx_word' id='word_1_252' title='bbox 658 4010 689 4063; x_wconf 84' lang='lat' dir='ltr'>et</span> 
     </span>
     <span class='ocr_line' id='line_1_36' title="bbox 224 4100 587 4186; baseline -0.008 -20"><span class='ocrx_word' id='word_1_253' title='bbox 224 4100 587 4186; x_wconf 72' lang='lat' dir='ltr'>Burtoneffloughton]</span> 
     </span>
     <span class='ocr_line' id='line_1_37' title="bbox 158 4204 1265 4287; baseline 0.001 -17"><span class='ocrx_word' id='word_1_254' title='bbox 158 4206 295 4272; x_wconf 80' lang='lat' dir='ltr'>feodum</span> <span class='ocrx_word' id='word_1_255' title='bbox 321 4206 450 4272; x_wconf 89' lang='lat' dir='ltr'>dimidii</span> <span class='ocrx_word' id='word_1_256' title='bbox 483 4206 597 4269; x_wconf 92' lang='lat' dir='ltr'>militis</span> <span class='ocrx_word' id='word_1_257' title='bbox 627 4206 670 4269; x_wconf 93' lang='lat' dir='ltr'>de</span> <span class='ocrx_word' id='word_1_258' title='bbox 700 4205 834 4271; x_wconf 89' lang='lat' dir='ltr'>Comite</span> <span class='ocrx_word' id='word_1_259' title='bbox 867 4204 1088 4287; x_wconf 88' lang='lat' dir='ltr'>Huntyndon.</span> <span class='ocrx_word' id='word_1_260' title='bbox 1136 4204 1265 4271; x_wconf 92' lang='lat' dir='ltr'>lbidem</span> 
     </span>
     <span class='ocr_line' id='line_1_38' title="bbox 157 4309 1269 4393; baseline 0 -18"><span class='ocrx_word' id='word_1_261' title='bbox 157 4310 328 4393; x_wconf 88' lang='lat' dir='ltr'>Johannes</span> <span class='ocrx_word' id='word_1_262' title='bbox 351 4311 394 4376; x_wconf 92' lang='lat' dir='ltr'>de</span> <span class='ocrx_word' id='word_1_263' title='bbox 418 4310 577 4373; x_wconf 90' lang='lat' dir='ltr'>Litleberi</span> <span class='ocrx_word' id='word_1_264' title='bbox 605 4319 698 4373; x_wconf 89' lang='lat' dir='ltr'>tenet</span> <span class='ocrx_word' id='word_1_265' title='bbox 721 4309 763 4373; x_wconf 87' lang='lat' dir='ltr'>de</span> <span class='ocrx_word' id='word_1_266' title='bbox 787 4310 921 4374; x_wconf 89' lang='lat' dir='ltr'>Comite</span> <span class='ocrx_word' id='word_1_267' title='bbox 944 4310 1117 4373; x_wconf 89' lang='lat' dir='ltr'>Wintonie</span> <span class='ocrx_word' id='word_1_268' title='bbox 1141 4310 1202 4393; x_wconf 91' lang='lat' dir='ltr'>[et]</span> <span class='ocrx_word' id='word_1_269' title='bbox 1226 4312 1269 4375; x_wconf 88' lang='lat' dir='ltr'>de</span> 
     </span>
     <span class='ocr_line' id='line_1_39' title="bbox 156 4413 1030 4497; baseline 0 -20"><span class='ocrx_word' id='word_1_270' title='bbox 156 4416 315 4497; x_wconf 88' lang='lat' dir='ltr'>episcopo</span> <span class='ocrx_word' id='word_1_271' title='bbox 341 4414 568 4477; x_wconf 88' lang='lat' dir='ltr'>Lincolniensi</span> <span class='ocrx_word' id='word_1_272' title='bbox 594 4414 770 4477; x_wconf 93' lang='lat' dir='ltr'>dimidium</span> <span class='ocrx_word' id='word_1_273' title='bbox 795 4414 884 4478; x_wconf 89' lang='lat' dir='ltr'>seodi</span> <span class='ocrx_word' id='word_1_274' title='bbox 908 4413 1030 4477; x_wconf 86' lang='lat' dir='ltr'>militis.</span> 
     </span>
    </p>

    <p class='ocr_par' dir='ltr' id='par_1_12' title="bbox 569 4532 859 4601">
     <span class='ocr_line' id='line_1_40' title="bbox 569 4532 859 4601; baseline -0.007 -15"><span class='ocrx_word' id='word_1_275' title='bbox 569 4532 578 4565; x_wconf 91' lang='lat'>¹</span> <span class='ocrx_word' id='word_1_276' title='bbox 596 4534 645 4586; x_wconf 86' lang='lat' dir='ltr'>See</span> <span class='ocrx_word' id='word_1_277' title='bbox 656 4536 746 4597; x_wconf 82' lang='lat' dir='ltr'>below,</span> <span class='ocrx_word' id='word_1_278' title='bbox 762 4552 787 4601; x_wconf 90' lang='lat' dir='ltr'>p.</span> <span class='ocrx_word' id='word_1_279' title='bbox 801 4548 859 4601; x_wconf 74' lang='lat'><strong>279·</strong></span> 
     </span>
    </p>
   </div>
   <div class='ocr_carea' id='block_1_6' title="bbox 690 3996 1266 4185">
    <p class='ocr_par' dir='ltr' id='par_1_13' title="bbox 690 3996 1266 4185">
     <span class='ocr_line' id='line_1_41' title="bbox 690 3996 1266 4185; baseline 0.003 -71"><span class='ocrx_word' id='word_1_280' title='bbox 690 3996 722 4185; x_wconf 42' lang='grc' dir='ltr'>ἰ.</span> <span class='ocrx_word' id='word_1_281' title='bbox 757 4049 927 4114; x_wconf 88' lang='lat' dir='ltr'>Galfridus</span> <span class='ocrx_word' id='word_1_282' title='bbox 939 4051 983 4133; x_wconf 77' lang='lat' dir='ltr'>de</span> <span class='ocrx_word' id='word_1_283' title='bbox 994 4049 1162 4133; x_wconf 86' lang='lat' dir='ltr'>Seynmor</span> <span class='ocrx_word' id='word_1_284' title='bbox 1173 4061 1266 4116; x_wconf 90' lang='lat' dir='ltr'>tenet</span> 
     </span>
    </p>
   </div>
   <div class='ocr_carea' id='block_1_7' title="bbox 0 0 1622 5059">
    <p class='ocr_par' dir='ltr' id='par_1_14' title="bbox 0 0 1622 5059">
     <span class='ocr_line' id='line_1_42' title="bbox 0 0 1622 5059; baseline 0 0"><span class='ocrx_word' id='word_1_285' title='bbox 0 0 1622 5059; x_wconf 95' lang='lat' dir='ltr'> </span> 
     </span>
    </p>
   </div>
  </div>
 </body>
</html>
