3234 5059
175 368 231 465 tv]
432 367 482 462 of
499 366 538 440 S.
571 363 682 439 Clare
706 373 748 437 at
782 364 1018 438 Waterbeaclz
1207 380 1277 453 ²¹7

228 556 291 609 Nos
316 563 409 608 autem
434 551 562 607 officialis
583 551 735 623 predictus,
757 551 856 605 habito
877 567 962 621 super
981 550 1127 621 premissis
1147 550 1279 605 omnibus
1293 543 1447 648 3¹2⁸&qu

175 643 304 695 consulto
325 638 377 711 [et]
399 650 530 707 tractatu,
552 640 741 695 consideratis
761 640 853 695 eciam
875 648 904 694 et
925 638 978 693 rite
1003 638 1130 709 pensatis
1151 637 1279 694 comodis
1293 646 1383 689 official

175 748 230 802 que
246 732 355 801 prefato
368 728 542 783 monasterio
556 728 702 783 abbatisse
718 738 747 782 et
763 744 891 782 sororum
907 743 992 797 super
1006 726 1168 782 retencione
1184 725 1278 781 huius·
1293 696 1429 798 {2⁰5ssssss

175 818 251 873 modi
265 818 396 873 euenient
409 819 437 871 in
450 818 627 883 futurumne
645 817 735 871 eciam
749 816 882 887 dampnis
894 826 922 871 et
934 815 1126 871 diminucione
1137 814 1279 886 porcionis
1293 797 1442 847 '²⁸‘b·¹²⁹⁴·

175 904 302 961 eiusdem
330 905 384 961 loci
409 903 505 975 vicarij
531 904 580 975 qui
604 920 656 973 pro
680 914 808 975 tempore
831 902 922 970 suerit,
946 904 1026 958 cuius
1050 920 1096 957 res
1120 902 1280 973 specialiter
1291 900 1310 951 f·
1322 903 1354 965 83

174 994 267 1063 agitur
289 994 317 1048 in
339 994 394 1049 hoc
415 994 499 1061 iacto,
522 993 552 1047 in
573 992 620 1048 dei
645 992 760 1047 nomine
784 1002 882 1047 tenore
905 992 1082 1062 presencium
1107 992 1279 1059 ordinamus,

175 1082 250 1151 quod
272 1084 302 1136 in
324 1081 621 1152 recompensacionem
643 1080 815 1135 minutarum
840 1081 1015 1136 decimarum
1039 1082 1076 1135 de
1099 1080 1280 1136 incrementis

176 1170 340 1226 animalium
369 1170 545 1241 propriorum
572 1168 763 1239 predictarum
791 1168 986 1238 religiosarum
1013 1179 1041 1224 et
1068 1185 1124 1223 non
1152 1168 1279 1233 aliorum,

176 1269 201 1313 et
227 1258 304 1324 ortis,
329 1258 465 1313 fructibus
490 1258 630 1323 arbonam,
655 1257 826 1312 viuariorum
850 1266 879 1311 et
907 1256 970 1327 alijs
994 1255 1110 1311 minutis
1138 1254 1280 1327 [decimis]

175 1346 292 1401 inclusis
313 1345 427 1413 ibidem,
448 1346 590 1416 sepultura
608 1362 642 1399 ac
664 1344 862 1400 oblacionibus
883 1345 920 1400 de
940 1344 1058 1400 domina
1075 1343 1232 1399 fundatrice
1253 1355 1281 1398 et

176 1434 327 1488 heredibus
347 1433 412 1502 suis,
432 1451 483 1488 sua
503 1433 592 1489 libera
609 1432 717 1488 familia
738 1443 766 1487 et
785 1432 848 1502 alijs
867 1431 966 1487 amicis
986 1432 1128 1488 nobilibus
1149 1432 1196 1502 qui
1216 1448 1281 1486 cum

176 1522 217 1577 eis
236 1523 342 1578 ibidem
364 1521 510 1579 euenerint
533 1532 561 1576 et
580 1538 689 1576 moram
711 1522 750 1576 ibi
776 1521 893 1577 iecerint
913 1539 977 1577 cum
999 1521 1115 1587 eisdem,
1135 1520 1282 1575 abbatissa

176 1620 204 1665 et
217 1628 327 1665 sorores
339 1611 376 1666 de
389 1610 578 1665 Waterbeche
594 1610 706 1665 soluent
719 1618 855 1680 perpetuo
871 1609 908 1663 de
923 1609 1006 1664 bonis
1019 1609 1146 1664 eiusdem
1163 1606 1280 1677 manerij

177 1700 220 1753 sui
248 1698 367 1771 predicti
396 1698 501 1753 vicario
530 1698 566 1752 de
591 1697 779 1753 Waterbeche
808 1697 954 1752 annuatim
982 1697 1020 1751 ad
1049 1696 1121 1751 duos
1146 1696 1281 1750 terminos

177 1785 274 1855 viginti
288 1796 316 1841 et
333 1784 405 1839 duos
420 1785 526 1839 solidos
544 1785 742 1854 sterlingorum
760 1782 789 1837 in
805 1783 927 1838 ecclesia
946 1782 1099 1853 parochiali
1116 1783 1152 1836 de
1169 1783 1281 1837 Water-

177 1875 283 1929 beche:
315 1874 421 1928 scilicet
447 1873 484 1927 ad
510 1873 621 1927 Pascha
646 1871 778 1927 vndecim
803 1871 920 1938 solidos,
942 1880 969 1924 et
994 1870 1030 1924 ad
1054 1870 1157 1924 festum
1183 1870 1281 1925 Sancti

178 1961 327 2017 Michaelis
350 1960 480 2016 vndecim
506 1960 630 2025 solidos,
661 1968 689 2013 et
713 1958 836 2012 vicarius
859 1958 947 2012 nichil
970 1957 1048 2012 aliud
1073 1971 1169 2028 petere
1193 1959 1282 2027 possit

175 2067 210 2104 ex
241 2066 327 2104 causa
357 2049 502 2119 predicta3
533 2049 570 2103 de
600 2046 788 2102 seruientibus
818 2054 912 2100 autem
941 2046 1114 2100 secularibus
1142 2046 1281 2102 dictarum

175 2139 369 2209 religiosarum
398 2138 533 2193 continue
562 2137 635 2191 infra
664 2146 783 2205 portam,
812 2145 881 2204 puta
910 2134 938 2188 in
967 2135 1078 2203 celario,
1102 2135 1224 2205 coquina
1254 2146 1281 2189 et

176 2226 323 2292 similibus,
337 2238 365 2281 et
384 2244 439 2281 vno
458 2226 577 2280 custode
594 2224 723 2279 manerio
740 2223 884 2293 deputato,
898 2221 953 2275 nisi
969 2222 1072 2278 suerint
1090 2223 1126 2277 de
1147 2223 1283 2292 parochia

177 2316 212 2370 de
234 2315 429 2381 Waterbeche‚
449 2314 569 2369 vicarius
593 2312 679 2367 nichil
700 2313 793 2381 exigat
815 2329 867 2381 pro
890 2309 1087 2367 oblacionibus
1108 2313 1152 2366 vel
1174 2312 1282 2367 conses-

177 2401 312 2467 sionibus,
336 2401 389 2455 nisi
415 2418 449 2455 ex
473 2400 569 2470 gracia
594 2398 758 2464 abbatisse;
792 2398 829 2453 de
853 2398 1041 2454 seruientibus
1066 2409 1160 2455 autern
1185 2417 1283 2455 earum

177 2490 350 2545 secularibus
367 2499 445 2544 extra
462 2505 543 2543 suam
559 2497 671 2559 portam
684 2498 712 2541 et
725 2487 853 2541 clausurn
865 2488 1069 2555 laborantibus,
1082 2498 1111 2542 vt
1124 2489 1152 2543 in
1165 2489 1282 2560 campis,

177 2577 272 2647 pratis,
293 2576 424 2646 pasturis,
444 2574 581 2647 piscarijs,
601 2574 732 2642 marisco,
750 2583 778 2630 et
800 2573 864 2643 alijs
885 2574 955 2628 locis
974 2573 1045 2629 inira
1064 2577 1226 2645 parochiam
1246 2578 1283 2632 de

177 2665 373 2733 Waterbeche‚
396 2664 456 2719 siue
477 2664 579 2719 suerint
601 2663 765 2735 parochiani
786 2662 847 2717 siue
868 2664 1003 2733 extranei,
1021 2665 1185 2721 ordinamus
1206 2667 1283 2738 quod

177 2754 263 2809 iidem
276 2755 431 2809 seruientes
444 2764 579 2824 perpetuo
588 2754 693 2808 iaciant
703 2752 867 2807 oblaciones
879 2762 1030 2808 consuetas
1042 2755 1153 2809 matrici
1165 2755 1284 2810 ecclesie

176 2845 212 2899 de
225 2844 414 2899 Waterbeche
432 2845 532 2898 saltem
551 2853 652 2914 quater
668 2842 695 2896 in
714 2860 799 2909 anno,
812 2853 841 2897 et
859 2842 898 2896 ibi
915 2842 1071 2914 percipiant
1089 2844 1283 2898 ecclesiastica

176 2943 361 2999 sacramenta,
387 2950 420 2987 ac
446 2931 467 2985 si
494 2930 532 2985 ibi
558 2929 732 2987 decesserint
756 2940 784 2985 et
809 2930 878 2985 alibi
903 2930 1025 2985 debeant
1050 2931 1171 3001 sepeliri,
1192 2930 1283 3001 prima

177 3022 264 3077 missa
282 3037 347 3075 cum
363 3035 481 3089 corpore
498 3018 621 3088 presenti
638 3017 794 3073 celebretur
810 3018 840 3073 in
857 3018 919 3088 ipsa
935 3019 1064 3087 ecclesia,
1077 3030 1105 3075 et
1119 3020 1283 3075 oblaciones

177 3120 321 3165 morentur
346 3108 468 3173 ibidem;
499 3118 527 3162 et
549 3107 626 3178 quod
650 3106 797 3161 abbatissa
819 3120 846 3162 et
869 3124 979 3161 sorores
1001 3124 1056 3175 que
1080 3125 1132 3177 pro
1156 3118 1283 3177 tempore

176 3197 278 3253 suerint
298 3196 408 3267 possint
426 3194 558 3265 compelli
578 3211 629 3266 per
647 3194 811 3266 episcopum
834 3196 986 3263 Elyensem
1006 3196 1112 3251 eteius
1133 3197 1283 3253 officialem

177 3286 254 3341 omni
274 3297 400 3354 tempore
418 3300 469 3353 pro
486 3282 586 3353 quauis
602 3298 724 3336 censura
741 3282 935 3337 ecclesiastica
952 3283 988 3337 de
1006 3283 1091 3353 plano
1110 3294 1138 3339 et
1157 3286 1217 3339 sine
1235 3284 1284 3339 lite

176 3375 213 3430 ad
239 3373 410 3429 solucionem
436 3370 554 3441 predicti
580 3387 683 3425 census
707 3371 793 3425 annui
820 3388 869 3425 seu
895 3370 1022 3425 redditus
1043 3371 1140 3441 viginti
1162 3373 1281 3428 duorum

176 3464 330 3519 solidorum
350 3461 404 3517 loci
423 3460 528 3515 vicario
546 3460 576 3514 in
594 3459 685 3515 forma
703 3459 839 3530 predicta,
857 3476 914 3514 non
932 3460 1112 3516 obstantibus
1130 3460 1284 3533 priuilegijs

176 3550 250 3607 suis¹
265 3549 420 3621 impetratis
435 3549 479 3604 vel
497 3547 689 3618 impetrandis,
703 3547 805 3618 quibus
823 3551 918 3620 quoad
934 3550 1009 3605 hunc
1026 3560 1120 3605 actum
1137 3551 1284 3607 dumtaxat

177 3650 205 3696 et
217 3657 274 3695 non
287 3638 382 3694 aliteri
394 3637 553 3709 specialiter
565 3636 732 3692 renunciant
745 3646 773 3691 et
783 3652 921 3707 expresse.

230 3729 404 3785 Ordinamus
426 3728 501 3797 quod
524 3728 649 3798 predicte
670 3725 801 3796 religiose
820 3728 976 3782 seruientes
994 3743 1061 3782 suos
1080 3729 1220 3784 seculares
1238 3731 1283 3786 vel

177 3816 270 3871 aliena
296 3816 430 3871 animalia
455 3833 504 3870 seu
532 3832 628 3869 eorum
656 3812 778 3869 exitum³
806 3831 952 3885 nunquam
977 3826 1126 3884 protegent
1153 3832 1206 3872 nec
1235 3817 1282 3871 de-

177 3906 292 3961 fendent
305 3921 354 3959 seu
367 3904 482 3959 defendi
496 3903 658 3975 permittent
672 3902 700 3957 in
714 3902 809 3974 aliquo
822 3913 921 3957 contra
933 3902 1144 3960 ordinacionem
1157 3915 1283 3960 nostram

176 3994 342 4067 predictam.

231 4083 355 4138 Priorem
369 4092 464 4137 autem
475 4092 504 4137 et
515 4083 694 4136 Conuentum
707 4079 743 4134 de
756 4080 927 4134 Bernewelle
935 4091 964 4134 et
973 4096 1070 4134 eorum
1079 4082 1283 4137 monasterium

176 4172 313 4244 perhanc
327 4181 452 4227 nostram
465 4170 680 4225 ordinacionem
698 4168 726 4222 in
743 4170 820 4224 nullo
835 4168 890 4222 ledi
908 4168 1045 4234 uolumus,
1060 4170 1110 4224 secl
1127 4170 1155 4224 in
1173 4172 1284 4226 decima

177 4263 327 4331 garbarum
341 4270 369 4315 et
383 4260 447 4327 feni,
461 4268 574 4331 pasture
587 4268 615 4314 et
627 4258 699 4328 alijs,
708 4256 795 4313 libere
807 4267 836 4313 et
849 4257 931 4328 plene
943 4258 1098 4329 percipiant
1111 4259 1184 4314 sicut
1196 4270 1270 4316 ante.

243 4400 251 4432 ¹
268 4402 428 4467 solennibus,
444 4404 500 4453 MS.
657 4402 669 4433 ⁹
684 4402 769 4460 alium,
784 4401 842 4451 MS.
1007 4400 1018 4431 ³
1034 4402 1147 4462 extitum,
1160 4404 1217 4456 MS.
