3234 5059
175 2241 241 2281 How
249 2249 297 2279 one

173 2289 201 2332 os
206 2290 249 2332 the

173 2351 266 2382 conone

173 2390 274 2483 shtppped

175 2441 227 2533 Pii
226 2491 300 2533 e'relo

336 389 406 462 134
599 363 760 462 Dispute
785 365 943 444 abruto
967 364 1168 462 drift-way
1316 364 1437 465 [BOOK

331 559 401 614 tam
428 550 470 612 de
497 548 657 613 diuitibus
683 569 785 632 quam
813 549 1026 633 pauperibus,
1051 558 1086 612 et
1112 547 1252 631 singulis
1277 551 1437 630 personis,

332 653 413 738 quid
429 664 462 718 et
479 663 641 736 quantum
658 655 886 737 unusquisque
900 663 1037 730 teneret,
1052 662 1086 716 et
1101 673 1121 716 a
1136 672 1212 735 quo,
1227 662 1261 715 et
1276 673 1335 736 per
1345 653 1436 735 quod

333 759 518 836 seruicium,
548 767 582 822 et
612 779 632 821 a
666 778 733 839 quo
764 769 937 841 tempore;
972 767 1005 820 et
1042 757 1165 822 multos
1195 758 1439 840 pretendebant

333 862 495 926 articulos.
544 861 643 925 Multi
667 882 746 943 ergo
770 862 931 925 maliciosi
954 872 989 926 et
1012 861 1116 924 inuidi
1139 861 1183 926 de
1204 863 1313 944 patria
1335 864 1439 944 erige·

333 966 416 1030 bant
430 967 592 1032 ceruicem
610 966 715 1031 multa
731 965 821 1030 mala
833 965 991 1032 facientes
1002 976 1037 1030 et
1049 966 1175 1030 maiora
1187 967 1440 1033 comminantes.

336 1071 468 1136 Interea
484 1073 620 1154 quidam
643 1071 791 1134 maliuoli
813 1073 856 1135 de
876 1069 1092 1152 Cantebrigia
1111 1070 1335 1134 condixerunt
1355 1072 1442 1136 inter

334 1195 370 1240 se
392 1175 482 1258 quod
506 1173 628 1238 habere
651 1174 760 1239 solent
782 1183 817 1238 et
839 1174 883 1238 de
905 1175 974 1238 iure
997 1175 1106 1240 adhuc
1130 1174 1253 1238 habere
1279 1175 1440 1238 deberent

334 1279 501 1344 chasciam
519 1299 613 1341 suam
635 1297 711 1342 cum
725 1276 931 1340 'animalibus
952 1277 1021 1340 suis
1041 1298 1100 1360 per
1121 1279 1268 1341 medium
1291 1277 1381 1341 curie
1398 1278 1442 1340 de

336 1382 538 1448 Bemewelle
573 1391 651 1446 ante
687 1382 864 1464 pistrinum
901 1382 1021 1444 Prioris
1057 1390 1091 1444 et
1127 1381 1372 1458 canonicorum,
1407 1391 1442 1445 et

336 1489 488 1565 riueram,
499 1486 653 1550 videlicet
666 1505 685 1548 a
698 1495 833 1567 pastura
845 1486 888 1550 de
900 1485 1095 1550 Grenecrost
1108 1506 1211 1568 usque
1224 1485 1256 1548 in
1270 1497 1440 1568 pasturam

336 1595 380 1657 de
401 1591 593 1668 Estenhale,
608 1599 643 1652 et
662 1610 681 1652 e
701 1609 872 1666 conuers0‚
888 1598 1073 1654 asserentes
1090 1589 1181 1672 quod
1204 1590 1296 1652 Prior
1317 1588 1443 1654 leuauit

336 1717 431 1778 sepes
452 1704 486 1758 et
507 1694 656 1768 fossatas,
674 1702 707 1756 et
728 1692 894 1756 chasciam
917 1692 1007 1756 illam
1031 1692 1250 1775 obstuppauit
1265 1713 1324 1775 per
1340 1691 1443 1775 negli-

335 1799 499 1884 genciam,
522 1818 578 1862 seu
601 1818 659 1880 per
682 1817 891 1872 consensum,
915 1797 1039 1860 Heruei
1063 1797 1231 1880 Gogging,
1249 1797 1305 1880 qui
1325 1807 1443 1881 postea

336 1925 372 1968 se
389 1903 466 1967 fecit
481 1902 688 1978 canonicum,
704 1911 737 1965 et
753 1903 844 1984 quod
861 1901 1042 1982 burgenses
1058 1898 1134 1963 ville
1152 1901 1196 1964 ob
1219 1901 1442 1964 reuerenciam

337 2008 439 2091 ipsius
464 2005 590 2070 Heruei
614 2004 738 2069 iactum
763 2005 843 2068 illud
865 2003 1166 2069 dissimulauerunt.
1213 2003 1303 2088 Quid
1325 2003 1444 2088 plura?

338 2112 490 2174 Murmur
514 2128 654 2190 magnus
677 2118 748 2172 erat
772 2108 944 2171 intereos.

403 2215 556 2278 Tandem
580 2214 720 2278 accessit
749 2214 888 2295 quidam
913 2213 1093 2277 canonicus
1119 2213 1162 2276 ad
1190 2210 1441 2297 Cantebrigiam

338 2328 371 2383 et
394 2339 506 2382 coram
534 2316 748 2382 multitudine
775 2319 922 2381 ostendit
948 2328 1074 2382 cartam
1102 2318 1226 2400 Pagani
1253 2317 1418 2382 Peuerel'
1410 2338 1442 2379 m

338 2444 405 2506 qua
428 2424 617 2488 continetur
642 2423 676 2486 in
699 2423 774 2499 fine,
794 2424 886 2505 quod
909 2422 999 2486 idem
1019 2424 1174 2504 Paganus
1196 2422 1331 2486 Peuerel
1349 2421 1444 2485 dedit

175 2543 222 2584 ιι
224 2547 273 2583 ner
281 2545 306 2582 to
338 2527 505 2590 canonicis
526 2527 593 2590 suis
614 2528 656 2590 de
678 2525 892 2607 Cantebrigia
914 2526 1086 2607 quemdam
1108 2524 1211 2589 locum
1233 2525 1385 2588 recentem
1409 2524 1443 2588 iu

174 2594 217 2634 the
228 2592 290 2633 mvl

174 2647 298 2685 contento.

338 2632 459 2714 campis
477 2629 517 2694 de
539 2629 746 2712 cantebrigia
766 2629 850 2692 circa
861 2631 972 2709 fontes
991 2628 1030 2696 de
1043 2627 1238 2692 Beruewelle
1254 2629 1303 2693 ad
1313 2627 1444 2692 dmum

338 2755 448 2797 eorum
460 2733 677 2815 fundandam
697 2744 728 2796 et
746 2732 984 2810 stabiliendam,
1004 2733 1063 2815 qui
1079 2753 1114 2794 se
1131 2732 1307 2795 extendite
1323 2753 1445 2813 magnus

331 2840 444 2921 platea
460 2838 588 2905 insieco
607 2848 639 2900 et
655 2839 793 2902 marisco
814 2859 912 2920 nsque
931 2839 967 2903 iu
988 2838 1132 2902 riueram
1153 2837 1191 2900 de
1214 2836 1445 2919 Cantebreig‘iak

340 2941 440 3024 Quod
457 2963 531 3006 cum
550 2943 710 3007 uidissent
725 2943 827 3006 emuli
847 2962 961 3006 eorum
983 2943 1231 3019 obmutuerunt,
1245 2943 1344 3006 amici
1365 2962 1444 3006 uero

340 3065 454 3109 eorum
470 3046 563 3110 letati
580 3056 665 3123 sunt,
678 3046 867 3128 frequenter
882 3047 1060 3110 recitantes
1071 3045 1153 3110 illud
1165 3047 1326 3110 uerbum:
1348 3066 1445 3127 usque

338 3149 373 3213 iu
398 3151 550 3227 rineram,
574 3151 716 3214 multum
740 3150 964 3232 ponderantes
990 3152 1080 3234 quod
1107 3171 1174 3214 non
1200 3150 1288 3214 dixit
1312 3160 1443 3214 tantum

339 3254 505 3338 usquead
525 3255 679 3330 rineram,
701 3256 759 3318 sed
784 3255 939 3336 usquein
962 3257 1115 3319 riueram.
1176 3255 1272 3319 Tunc
1295 3274 1380 3318 vnus
1403 3254 1446 3316 de

339 3357 526 3422 astantibus
547 3378 766 3444 prorumpens
787 3359 821 3421 in
840 3377 956 3424 vocem
978 3359 1086 3422 dixit:
1115 3358 1236 3421 Adhuc
1251 3358 1343 3422 credo
1362 3356 1450 3442 quod

340 3461 395 3526 ille
408 3462 506 3527 bouus
520 3462 611 3526 nomo
625 3462 685 3546 qui
697 3473 744 3525 tot
756 3462 899 3526 ecclesus
912 3461 1001 3526 vobis
1015 3462 1106 3526 dedit
1122 3471 1152 3526 et
1172 3471 1279 3525 terras
1296 3461 1447 3525 tradetur

340 3567 425 3631 inter
446 3588 502 3630 uos
522 3566 685 3631 obliuioni.
733 3565 826 3646 Quid
843 3568 930 3630 enim
943 3567 1062 3648 facitir
1076 3576 1140 3648 pro
1161 3588 1195 3630 eo
1217 3567 1325 3649 magis
1345 3587 1448 3649 quam*

332 3683 395 3754 pro
424 3669 517 3736 aliu?
562 3671 608 3734 Et
630 3673 809 3735 canonicus
832 3672 946 3738 statim
969 3674 1159 3755 respondit:
1195 3671 1363 3738 Obliuicui
1383 3693 1447 3735 nou

340 3777 489 3841 tradetur
519 3774 604 3838 inter
632 3769 689 3838 nos
718 3775 947 3858 inperpetuum,
971 3776 1125 3858 quonum
1155 3775 1268 3840 cotidie
1293 3777 1379 3839 sedet
1403 3773 1452 3837 ad

340 3903 484 3947 mensam
498 3881 589 3944 iuxta
605 3879 755 3944 Priorem
770 3890 802 3943 et
814 3881 909 3947 habet
914 3882 1097 3964 porcionem
1112 3903 1207 3945 suam
1222 3881 1261 3944 de
1273 3881 1405 3944 cellan'a
1419 3892 1451 3944 et

341 3986 379 4050 de
392 3985 534 4068 coquina.
583 3983 659 4048 Hoc
675 3994 787 4047 autem
804 3985 892 4047 dixit
908 3985 1076 4061 veraciter,
1093 3985 1171 4067 quia
1186 3985 1300 4067 porcio
1321 3985 1447 4068 Pagani

344 4089 476 4154 Peuerei
497 4088 619 4152 cotidie
638 4089 818 4170 apponitur
832 4108 945 4151 coram
961 4089 1150 4172 presidente
1166 4089 1200 4151 in
1216 4087 1399 4164 refectori0,
1414 4096 1447 4151 et

342 4204 528 4278 apponetur
544 4195 785 4276 inperpetuum.

678 4407 686 4438 ¹
706 4410 753 4459 See
764 4409 853 4469 above,
867 4410 940 4460 Book
952 4411 975 4466 1,
987 4410 1068 4474 Chap.
1082 4421 1113 4459 11.
