3234 5059
358 382 427 453 150
503 362 656 458 Deposit
680 360 816 458 repaid
836 371 873 435 to
908 362 1077 435 William
1102 362 1312 435 Mortimer
1338 359 1459 458 [Boou

187 560 214 596 to
223 555 253 597 be
263 554 320 608 pule
353 543 480 614 proxima
496 553 563 600 ante
579 543 752 598 dominicam
769 544 799 598 in
817 545 916 599 Ramis
932 545 1092 615 palmarum
1108 544 1237 615 proximo
1248 553 1367 598 ventura
1381 543 1458 613 apud

187 604 315 698 briss‘md
355 633 470 688 Nouum
484 633 634 704 Templum
651 633 770 687 London
788 633 897 703 precise
913 633 1057 688 soluendis
1073 651 1108 688 ex
1126 633 1272 689 sentencia
1287 633 1412 703 precepti
1428 632 1457 686 in

187 705 340 806 fifflffiflss
353 721 407 774 hiis
433 720 543 791 scriptis
568 722 821 791 condemnamus,
842 721 948 775 dictam
970 721 1145 776 sentenciam
1166 720 1342 775 exsecucioni
1364 719 1458 775 debite

188 803 338 898 mesua-
353 807 443 863 forme
466 808 696 864 demandandam
720 826 785 864 curn
809 826 926 864 necesse
948 809 1031 865 luerit
1053 809 1244 864 decernentes.
1283 807 1458 862 lniunximus

187 905 306 956 daynext
353 894 444 948 eciam
461 893 634 964 procuratori
654 893 721 948 dicti
739 893 919 963 promotoris,
937 893 1014 964 quod
1032 894 1079 949 die
1097 891 1240 948 dominica
1258 909 1355 948 coram
1376 891 1458 946 nobis

189 955 304 1008 ‘mm'
353 991 515 1051 compareat
533 983 596 1036 loco
615 999 671 1053 quo
689 981 766 1052 prius
783 982 999 1036 testamentuml
1012 981 1079 1037 dicti
1096 981 1229 1047 defuncti,
1242 999 1300 1036 vna
1314 997 1380 1035 cum
1398 997 1458 1050 pre-

351 1069 430 1124 dicta
444 1070 526 1124 litera
544 1070 719 1139 obligatoria,
737 1069 919 1138 exhibiturus,
936 1071 1100 1141 dictumque
1119 1071 1336 1124 instrumentum
1352 1068 1457 1136 obliga·

351 1158 455 1212 toriurn
467 1157 601 1228 predictis
613 1159 759 1228 religiosis,
773 1158 849 1214 facta
864 1159 990 1230 plenaria
1008 1159 1151 1215 solucione
1168 1160 1243 1213 dicte
1259 1157 1387 1229 pecunie,
1399 1156 1459 1211 lore

352 1245 555 1300 restituendum
568 1247 759 1302 decernentes.
799 1247 910 1317 Quibus
923 1247 1067 1302 sentencie
1079 1247 1194 1302 decreto
1210 1255 1239 1301 et
1256 1244 1368 1301 termini
1381 1253 1458 1298 ante

352 1333 420 1388 dicti
439 1333 584 1404 prefixioni
603 1343 699 1405 partes
717 1334 783 1390 hinc
802 1334 869 1389 inde
888 1336 1092 1406 adquieuerunt
1110 1344 1138 1389 et
1155 1334 1273 1389 eosdem
1294 1343 1459 1402 acceptaue·

354 1430 425 1476 runt.

408 1511 442 1564 In
460 1511 543 1566 huius
567 1511 606 1566 rei
632 1511 825 1566 testimonium
848 1511 1027 1582 presentibus
1049 1510 1171 1580 sigillum
1192 1519 1320 1564 nostrum
1341 1508 1459 1563 fecimus

354 1599 467 1669 apponi.
503 1601 607 1655 Actum
625 1609 654 1655 et
672 1600 771 1655 datum
788 1599 836 1654 die
853 1601 916 1656 loco
934 1611 963 1656 et
981 1616 1057 1655 anno
1075 1599 1251 1670 supradictis.

395 1821 446 1902 69.
490 1820 544 1885 De
564 1822 680 1887 .xviii.
703 1821 825 1886 marcus
847 1821 993 1886 liberatis
1012 1820 1143 1884 domino
1174 1817 1363 1903 W[illelm0]
1385 1818 1424 1881 dc

785 1935 912 1990 mortuo
933 1925 1028 1989 mari.

188 2089 339 2192 ggffi„
419 2078 540 2143 Postea
556 2080 646 2144 venit
661 2081 750 2162 apud
768 2079 1019 2162 Cantebrigiam
1036 2079 1191 2142 dominus
1207 2078 1396 2142 Willelmus
1416 2077 1458 2140 de

206 2190 302 2282 tiffim
354 2181 490 2246 Mortuo
507 2183 602 2261 Mari,
618 2185 754 2248 nomine
774 2185 854 2247 dicti
871 2184 1070 2260 executoris,
1085 2193 1119 2246 et
1137 2182 1281 2246 restituit
1297 2181 1400 2245 Priori
1416 2180 1458 2244 de

190 2290 329 2334 mmet·
354 2286 554 2350 Bernewelle
581 2287 710 2352 literam
738 2308 833 2351 suam
860 2287 1104 2370 obligatoriam,
1130 2297 1165 2348 et
1191 2286 1315 2368 recepit
1345 2285 1388 2348 ab
1418 2305 1458 2348 eo

352 2391 536 2471 predictam
560 2391 746 2474 pecuniam,
768 2400 801 2454 et
826 2391 904 2454 fecit
926 2391 1004 2455 inde
1025 2390 1290 2472 acquietanciam
1312 2389 1374 2452 sub
1394 2388 1458 2470 hijs

352 2492 462 2556 uerbis
475 2515 481 2555 :

189 2661 288 2703 utrae.
407 2644 555 2700 Uniuersis
574 2645 679 2700 Christi
698 2645 829 2701 fidelibus
847 2655 993 2716 presentes
1011 2645 1118 2700 litteras
1137 2643 1237 2699 visuris
1258 2645 1303 2700 uel
1322 2644 1458 2699 audituris

205 2710 325 2803 {litim
351 2733 509 2788 willelmus
531 2734 567 2787 de
591 2737 704 2788 nronuo
728 2735 801 2788 Man
824 2735 897 2789 filius
918 2735 1026 2789 domni
1049 2735 1165 2788 hohern
1188 2735 1223 2788 de
1246 2735 1360 2788 Mortuo
1384 2735 1457 2788 nan

190 2810 321 2914 ἓξὲξ·
351 2822 470 2876 salutem
483 2823 512 2875 in
526 2839 591 2878 vero
605 2825 735 2878 salutare.
775 2822 921 2877 Noueritis
936 2840 982 2878 me
1000 2823 1139 2893 recepisse
1152 2839 1170 2877 a
1182 2823 1297 2875 domino
1316 2821 1413 2876 Priore
1428 2831 1457 2876 et

187 2928 251 2990 ηδ
351 2911 500 2964 Conuentu
520 2910 556 2965 de
579 2911 749 2966 Bernewelle
771 2911 974 2981 septemdecim
994 2927 1114 2976 marcas,
1137 2909 1267 2964 undecim
1292 2908 1408 2973 solidos,
1429 2919 1458 2964 et

351 3013 399 3050 sex
420 2996 559 3052 denarios.
598 2999 660 3068 Que
685 2999 823 3068 peccunia
843 2998 927 3053 certis
948 2999 1132 3052 bellatoribus
1153 2997 1182 3050 in
1205 2996 1362 3050 subsidium
1385 3006 1458 3050 terre

351 3095 447 3140 sancte
460 3086 625 3156 proiecturis
637 3086 667 3140 in
680 3096 851 3141 testamento
868 3086 975 3140 domini
994 3085 1112 3140 Gallridi
1130 3085 1166 3140 de
1185 3083 1289 3138 Baucis
1305 3083 1356 3138 fuit
1369 3083 1456 3153 assig-

351 3181 426 3238 nata,
439 3183 467 3227 et
480 3173 563 3228 dictis
575 3173 714 3243 religiosis
732 3174 769 3228 ad
786 3173 1004 3228 custodiendum
1020 3173 1227 3228 commendata
1266 3173 1299 3225 ln
1318 3171 1398 3226 cuius
1416 3171 1456 3225 rei

349 3260 542 3314 testimonium
563 3261 688 3330 presenti
709 3261 814 3331 scripto
836 3261 959 3330 sigillum
977 3277 1073 3316 meum
1092 3259 1145 3314 feci
1163 3259 1269 3330 apponi
1287 3269 1316 3312 et
1334 3257 1456 3312 litteram

350 3363 431 3400 suam
450 3347 646 3416 obligatoriam
665 3348 706 3402 eis
724 3346 842 3402 restitui.
880 3350 988 3402 Datum
1007 3347 1083 3416 apud
1096 3346 1307 3415 Cantebrigiam
1324 3345 1352 3398 in
1370 3345 1455 3399 domo

351 3431 481 3503 Magistri
511 3434 644 3489 Nicholai
675 3434 710 3488 de
735 3434 916 3504 Todingtone
940 3433 1015 3489 ‚xvi
1041 3433 1096 3487 kal
1122 3431 1218 3503 aprilis
1247 3447 1323 3486 anno
1347 3431 1455 3486 domini

349 3522 534 3576 m⁰.cc⁰.lroc
554 3521 676 3592 quinto².

188 3681 294 3724 runnu
416 3662 462 3724 Et
478 3661 648 3724 sciendum
665 3661 756 3743 quod
772 3661 920 3744 predicte
936 3660 1052 3723 .xviii.
1070 3680 1180 3723 marce
1196 3659 1327 3722 luerunt
1348 3659 1455 3724 solute

186 3739 327 3825 iiiii‘fflm-
349 3773 499 3847 tempore
515 3763 675 3846 Symonis
693 3763 822 3840 Prioris,
837 3762 962 3826 scilicet
977 3782 1066 3826 anno
1082 3762 1209 3824 domini
1230 3767 1292 3824 m⁰.
1303 3765 1368 3823 cc⁰.
1379 3760 1456 3822 lxx⁰

186 3833 278 3875 “¹¹⁰¹''
348 3869 475 3950 quinto,
491 3867 550 3930 sed
566 3877 661 3930 erant
676 3877 807 3948 recepte
823 3877 974 3948 tempore
996 3863 1171 3946 Laurencij
1190 3865 1310 3927 Prioris
1331 3863 1455 3926 scilicet

348 3992 437 4035 anno
453 3971 578 4034 domini
596 3977 642 4033 m⁰
652 4021 657 4034 .
669 3976 734 4035 cc⁰.
750 3971 1037 4053 quinquagesimo
1074 3969 1194 4032 Vtrum
1208 3978 1320 4032 tamen
1334 3966 1454 4031 luerint

347 4076 398 4138 bis
414 4075 523 4158 solute
537 4075 676 4138 dubium
694 4074 763 4138 luit.

396 4261 405 4292 ¹
423 4262 573 4319 testamenti,
592 4263 651 4313 MS.

396 4343 407 4376 ¹
424 4346 456 4395 In
475 4344 538 4409 1276
555 4345 627 4394 Palm
644 4344 747 4411 Sunday
762 4345 804 4395 fell
821 4361 855 4394 on
873 4345 961 4394 March
979 4357 1018 4408 ²9·
1034 4343 1084 4392 and
1102 4342 1145 4392 the
1162 4356 1254 4405 money
1264 4356 1316 4390 was
1332 4340 1455 4392 therefore

348 4439 392 4478 not
403 4429 462 4489 due,
475 4427 508 4493 by
520 4428 563 4478 the
573 4429 685 4479 decision
696 4429 726 4480 ol
733 4429 776 4479 the
787 4429 875 4487 Court,
888 4429 952 4479 until
964 4444 994 4479 aa
1008 4427 1104 4478 March.
