3234 5059
153 344 207 443 1vJ
476 346 556 419 und
578 345 611 419 is
636 346 747 419 taken
767 346 947 445 prisoner
1184 365 1253 439 237

152 538 223 594 erat
261 551 359 613 super
395 532 503 614 capud
542 532 622 606 eius,
652 532 730 614 quia
762 552 828 595 non
864 540 915 593 est
945 530 1152 594 consuetudo
1182 528 1259 593 talis

154 634 345 699 Scottorum
371 637 503 717 regibus
526 637 622 699 sicuti
647 636 846 719 Anglorum.

220 738 297 801 Rex
337 739 541 804 Eadwardus
578 739 621 803 de
659 740 783 804 Wallia
828 739 957 803 rediens
994 760 1069 804 cum
1112 739 1339 813 uictoriarum
1353 772 1406 802 wu

155 842 366 907 Walensibus
403 845 466 909 sibi
503 846 697 929 subiugatis,
727 858 761 909 et
793 846 941 911 Maddoc
972 846 1120 930 principe
1149 854 1259 927 capto,
1272 811 1392 905 ¹32⁰th
1394 816 1403 852 ⁸

153 954 187 1010 et
224 948 304 1010 turri
344 948 570 1013 Londoniensi
607 949 739 1026 tradito,
777 961 811 1013 et
848 951 991 1034 Morgan
1021 960 1142 1033 sponte
1173 948 1258 1031 Regi
1271 912 1380 1054 ⁸33th

154 1049 312 1127 subiecto,
327 1060 419 1116 tenet
434 1054 692 1135 parliamentum
708 1074 805 1119 suum
818 1056 907 1137 apud
922 1055 1258 1119 Westmonasterium
1272 1025 1397 1165 &23:⁹⁶

154 1152 296 1218 infesto
319 1157 424 1219 sancti
449 1158 536 1221 Petri
559 1156 602 1220 ad
626 1159 765 1221 vincula.
811 1157 868 1221 Ad
892 1157 980 1222 istud
1003 1157 1258 1241 parliamentum
1399 1142 1404 1153 ¹

153 1258 324 1340 Johannes
340 1281 400 1326 rex
418 1262 535 1327 Scocie
551 1272 699 1339 uocatus,
716 1265 830 1327 uenire
849 1264 1061 1347 contempsit,
1076 1264 1135 1328 sed
1152 1264 1259 1327 sciens

154 1363 353 1430 discordiam
370 1387 443 1431 esse
466 1368 552 1432 inter
568 1368 696 1451 Regem
713 1368 839 1452 Anglie
854 1379 889 1433 et
906 1369 1035 1452 Regem
1053 1369 1200 1445 Francie,
1216 1369 1258 1432 ad

155 1478 283 1549 partem
302 1470 404 1553 Regis
422 1472 568 1549 Francie,
585 1483 622 1537 ut
634 1472 815 1549 dicebatur,
828 1474 1008 1537 inclinauit
1047 1472 1261 1557 Quapropter

157 1572 232 1636 Rex
248 1573 374 1657 Anglie
389 1596 506 1639 omnes
519 1587 621 1641 terras
634 1597 716 1659 quas
729 1576 818 1641 idem
830 1577 1001 1659 Johannes
1015 1578 1134 1660 Baylol
1151 1574 1258 1661 [Rex]

156 1676 273 1742 Scocie
293 1681 401 1744 tenuit
422 1680 506 1745 inlra
522 1680 605 1745 fines
620 1681 746 1764 Anglie
767 1682 800 1745 in
819 1702 938 1745 manus
954 1702 1031 1745 suas
1052 1681 1257 1748 confiscauit.

156 1782 279 1849 Scotici
297 1805 384 1862 uer0,
400 1787 494 1869 quasi
513 1787 597 1870 Regi
615 1787 754 1851 Francie
769 1786 1046 1862 obsecundantes,
1061 1785 1104 1850 ad
1121 1787 1258 1850 modum

156 1889 359 1954 Francorum
397 1892 523 1957 faciunt
559 1893 622 1956 sibi
660 1892 838 1957 duodecim
877 1913 981 1975 pares
1041 1892 1142 1956 Vnde
1182 1890 1259 1953 Rex

157 1993 288 2075 Anglie,
303 1994 346 2059 de
361 1998 530 2060 communi
543 1996 741 2073 consilioue
758 1996 878 2058 Franci
885 1993 903 2071 ¹,
919 1995 1044 2059 Scottis
1060 1994 1261 2077 conglobati,

157 2099 280 2162 malum
296 2107 382 2163 terre
402 2099 589 2182 Anglorum
603 2098 769 2174 inferrent,
781 2098 871 2162 misit
887 2099 1071 2162 exercitum
1087 2098 1260 2181 copiosum

155 2206 197 2267 ad
214 2212 325 2287 partes
343 2204 467 2280 Scocie,
481 2226 547 2269 vna
567 2224 642 2269 cum
659 2204 818 2287 episcopo
834 2201 1063 2279 Dunelmensi,
1079 2212 1112 2265 et
1129 2201 1262 2266 Comite

156 2309 344 2383 Warennie,
359 2317 393 2371 et
415 2309 564 2374 Roberto
585 2311 628 2373 de
645 2310 727 2373 Brus
744 2307 787 2371 de
807 2329 876 2390 quo
890 2307 1042 2389 superius
1057 2306 1184 2370 dictum
1201 2316 1260 2371 est.

157 2414 202 2477 Et
225 2414 257 2475 in
282 2413 369 2477 sesto
391 2415 496 2478 sancti
520 2412 722 2497 Valenti[ni]
747 2412 824 2476 Rex
849 2411 1034 2476 Edwardus
1056 2431 1144 2474 anno
1168 2413 1259 2493 regni

155 2622 301 2705 arripuit,
324 2632 358 2686 et
381 2622 413 2685 in
438 2624 545 2705 primo
568 2620 722 2686 conflictu
746 2622 917 2683 ciuitatem
941 2621 983 2683 de
1008 2618 1148 2701 Berwyk
1169 2619 1258 2701 cepit
1271 2638 1422 2730 pffigson

155 2746 229 2790 cum
256 2725 450 2790 fortitudine
473 2746 613 2807 magna;
636 2735 670 2789 et
692 2745 809 2788 omnes
833 2726 1032 2799 resistentes,
1055 2734 1125 2787 tam
1149 2744 1257 2788 mares
1270 2739 1344 2829 gitteo
1359 2740 1392 2788 bu

155 2852 254 2915 quam
272 2831 421 2907 seminas,
437 2829 609 2905 interfecit,
624 2841 658 2894 et
674 2829 767 2912 quasi
785 2827 931 2892 infinitos
943 2828 1116 2891 thesauros
1132 2828 1255 2892 ibidem
1271 2800 1388 2929 {Quo

155 2936 308 3020 repperit,
324 2944 357 2999 et
380 2936 548 2998 ciuitatem
575 2934 724 3009 muniuit,
743 2944 777 2997 et
800 2932 1073 2995 circumfossauit
1121 2889 1408 2995 Interimfflmh'

157 3042 273 3115 Scotti,
289 3061 348 3123 per
362 3040 536 3102 consilium
562 3038 695 3102 Ricardi
719 3037 869 3119 Syward,
887 3037 992 3099 multa
1008 3036 1096 3099 mala
1111 3035 1258 3099 lecerunt

156 3147 308 3227 Anglicis
338 3145 370 3207 in
399 3144 549 3227 partibus
580 3144 622 3206 de
655 3142 776 3216 Karel',
806 3151 841 3203 et
870 3140 1124 3203 combusserunt
1155 3159 1260 3221 usque

155 3251 197 3313 ad
213 3271 306 3314 xxx.
324 3247 419 3311 uillas
436 3246 665 3327 Anglicorum,
676 3255 711 3309 et
723 3245 847 3308 multos
862 3245 1062 3308 occiderunt.
1109 3244 1176 3307 Sed
1193 3245 1260 3307 cito

155 3356 231 3418 lecit
255 3354 410 3416 dominus
434 3349 617 3414 uindictam
645 3349 678 3411 in
703 3350 759 3413 eis.
806 3347 883 3412 Rex
908 3348 997 3411 enim
1028 3346 1153 3429 Anglie
1182 3367 1258 3411 cum

154 3459 302 3522 exercitu
326 3477 387 3519 suo
409 3454 623 3538 progrediens
646 3454 735 3536 cepit
756 3462 866 3518 castra
889 3472 1012 3527 eorum,
1035 3461 1069 3514 et
1092 3452 1124 3514 in
1153 3453 1260 3535 prima

154 3565 225 3627 acic
241 3563 334 3644 quasi
352 3580 419 3623 una
435 3558 515 3622 hora
536 3557 602 3621 diei
619 3565 727 3621 totum
744 3558 929 3621 exercitum
948 3555 1141 3619 Scottorum
1159 3556 1259 3617 uertit

154 3669 186 3731 in
204 3667 325 3749 lugam.
372 3662 472 3727 Vnde
487 3662 647 3727 ueraciter
661 3663 789 3726 dictum
805 3671 876 3724 est:
900 3659 1044 3722 Scoticus
1055 3658 1089 3721 in
1105 3659 1181 3723 bello
1197 3679 1258 3721 non

154 3772 241 3835 ualet
261 3790 323 3833 oua
345 3768 415 3831 duo.
459 3766 608 3831 Comites
630 3765 771 3828 barones
793 3774 829 3828 et
852 3765 974 3827 milites
998 3763 1201 3839 Scottorum,
1223 3773 1258 3827 et

154 3880 263 3959 ipsum
296 3872 476 3937 Ricardum
508 3870 648 3954 Syward
679 3872 776 3953 cepit,
808 3879 842 3932 et
872 3890 931 3951 per
960 3869 1092 3931 diuersa
1123 3867 1194 3930 loca
1224 3878 1258 3931 et

154 3992 262 4045 castra
279 3978 403 4058 Anglie
418 3975 655 4039 custodiendos
670 3974 860 4037 destinauit
893 3974 939 4036 Et
949 3973 1058 4055 ipsum
1068 3971 1255 4053 Johannem
1269 4000 1335 4091 Ψ
1349 4000 1377 4041 01

156 4082 274 4149 Baillol
294 4084 420 4162 Regem
439 4080 556 4145 Scocie
567 4098 633 4142 vna
645 4098 720 4141 cum
738 4076 806 4141 filio
822 4098 892 4151 suo,
902 4078 934 4140 in
949 4075 1035 4141 lesto
1046 4076 1151 4139 sancti
1169 4076 1257 4141 Petri
1270 4051 1421 4153 allilia

1248 4150 1352 4195 .lntbe

155 4195 197 4259 ad
221 4188 354 4255 uincula
380 4206 470 4251 anno
494 4186 613 4249 eodem
637 4192 798 4265 tanquam
823 4184 972 4265 prisones
997 4200 1075 4243 suos
1098 4180 1132 4243 in
1159 4181 1256 4245 Turn
1270 4200 1401 4294 {mornas

155 4295 307 4363 London.
323 4290 417 4355 saluo
432 4288 668 4353 custodiendos
684 4285 831 4351 tradidit.
1272 4301 1354 4355 mag.
1398 4305 1420 4346 e.

608 4424 616 4457 ¹
633 4426 729 4486 steneli,
745 4425 801 4475 MS.
