3234 5059
159 353 217 452 rv]
493 365 535 430 at
561 357 718 432 Coumil
738 360 788 455 of
804 360 930 455 Lyons
1193 379 1263 451 205

159 536 288 592 cionibus
305 538 450 608 legittimis
467 539 617 595 admittere
630 540 784 596 clementer
796 541 898 595 uelitis.
935 540 1029 608 Quem
1041 549 1140 596 tenore
1152 555 1265 610 presen-

159 623 235 677 cium
259 635 387 681 nostrum
412 644 509 683 uemm
533 639 560 684 et
585 628 754 698 legittimum
778 627 977 683 constituimus
1000 638 1217 698 procuratorem,
1236 626 1266 681 in

159 722 251 766 uestre
270 713 428 768 sanctitatis
447 714 595 784 presencia
612 724 640 769 et
659 714 732 770 sacri
751 715 837 770 uestri
855 714 966 784 concilij
984 715 1215 785 congregacione,
1228 713 1265 768 ad

159 799 346 868 subeundum,
354 801 554 873 recipiendum,
562 813 592 858 et
605 802 837 874 faciendumque
850 813 943 858 uestre
956 803 1114 858 sanctitatis
1127 802 1265 858 serenitas

160 896 187 941 et
206 889 358 942 uenerandi
379 890 498 960 Concilij
517 891 701 960 prouidencia
720 891 829 945 duxerit
849 907 899 945 seu
921 890 1050 945 duxerint
1069 890 1220 945 statuenda
1237 900 1266 944 et

159 973 333 1046 iniungenda
349 977 458 1040 eidem;
481 993 591 1032 necnon
611 977 647 1032 ad
666 979 851 1047 prestandum
870 979 899 1032 in
918 979 1029 1033 animas
1047 988 1158 1033 nostras
1177 978 1264 1048 quod·

159 1064 227 1119 libet
246 1081 335 1134 genus
355 1066 524 1120 sacramenti
544 1067 620 1136 quod
640 1075 735 1120 uestra
755 1066 892 1121 sanctitas
910 1066 1020 1120 duxerit
1041 1064 1218 1135 exigendum,
1236 1076 1265 1121 et

159 1151 235 1222 quod
260 1169 342 1207 uerus
367 1163 394 1207 et
418 1151 571 1222 legittimus
595 1154 736 1223 generalis
761 1171 811 1209 seu
835 1154 967 1225 specialis
991 1156 1081 1225 possit
1101 1163 1265 1224 procurator

159 1239 298 1308 exhibere,
306 1251 335 1296 et
347 1241 424 1312 quod
436 1241 600 1310 nosmetipsi
614 1251 811 1312 prestaremus,
819 1241 844 1294 si
857 1250 1000 1312 presentes
1012 1257 1140 1296 essemus
1150 1240 1264 1307 ibidem,

159 1327 356 1396 promittentes
368 1345 421 1384 nos
433 1338 526 1384 ratum
538 1338 566 1383 et
579 1328 689 1383 firmum
703 1328 807 1383 babere
820 1338 848 1382 et
860 1344 973 1382 seruare
986 1327 1121 1398 quicquid
1135 1345 1187 1382 uos
1199 1345 1265 1382 cum

159 1413 236 1469 dicto
253 1415 380 1471 Concilio
395 1415 567 1471 coniunctim
582 1425 611 1470 et
623 1415 737 1470 diuisim
751 1415 931 1471 decreueritis
943 1415 1112 1483 iaciendum,
1125 1433 1159 1470 ac
1171 1416 1265 1470 eidem

159 1503 274 1557 nomine
286 1514 383 1558 nostro
395 1503 607 1573 iniungendum.

215 1592 248 1645 In
265 1591 344 1646 cuius
356 1591 396 1646 rei
408 1591 601 1646 testimonium
615 1589 792 1662 presentibus
806 1590 907 1646 litteris
920 1591 1013 1661 sigilla
1025 1601 1122 1646 nostra
1135 1589 1265 1645 duximus

159 1679 336 1748 apponenda

213 1766 322 1820 Datum
337 1766 413 1836 apud
431 1765 601 1821 Bemewelle
618 1765 647 1819 in
665 1766 789 1836 capitulo
806 1777 903 1821 nostro
917 1765 975 1837 .iij‘,‘.
989 1765 1053 1820 idus
1070 1763 1176 1834 marcij,
1189 1780 1265 1818 anuo

159 1855 266 1910 domini
279 1865 351 1910 .m⁰.
360 1864 419 1911 cc0.
434 1856 643 1926 septuagesimo
656 1855 751 1911 tercio.

348 2111 377 2175 9.
425 2091 620 2176 Certzficacio
635 2091 859 2174 promraton's
880 2093 916 2156 in
937 2093 1072 2158 concillo.

213 2227 351 2298 Magister
368 2227 500 2282 Ardicio¹
518 2228 554 2283 de
574 2227 693 2296 Comite,
715 2227 891 2298 primicerius
910 2230 1136 2297 mediolanensis,
1156 2230 1264 2284 domini
1277 2229 1414 2321 aptffilt

161 2321 238 2388 Pape
269 2317 448 2387 Capelianus,
474 2333 508 2371 ac
539 2316 627 2387 ipsius
659 2315 764 2385 Palacij
796 2333 945 2372 causarum
975 2319 1115 2388 generalis
1145 2318 1263 2384 auditor,
1277 2331 1320 2372 ene
1352 2291 1429 2380 'def

159 2405 296 2476 religiosis
330 2405 397 2459 uiris
433 2405 521 2460 Priori
557 2415 584 2459 et
620 2404 770 2460 conuentui
805 2405 842 2460 de
879 2407 1050 2462 Bernewelle
1084 2408 1205 2463 salutem
1234 2407 1264 2461 in
1278 2379 1430 2481 ἷξέᾛηι,

159 2493 283 2548 domino.
1295 2486 1387 2572 'fflg

215 2583 352 2651 Lugduni,
367 2581 395 2636 in
408 2599 465 2652 quo
477 2590 688 2636 sacrosanctum
701 2579 852 2634 concilium
864 2598 914 2650 per
930 2581 1140 2638 sanctissimum
1154 2593 1265 2653 patrem
1277 2580 1404 2672 ἔξω

159 2669 304 2725 dominum
324 2668 490 2740 Gregorium
511 2670 619 2738 Papam
638 2667 779 2722 decimum
805 2669 895 2724 extitit
920 2671 948 2723 in
973 2669 1103 2725 kalendis
1126 2671 1264 2740 presentis
1278 2680 1428 2730 urinum·

159 2759 265 2814 mensis
297 2757 366 2827 Maij
398 2767 609 2828 congregatum,
640 2756 779 2810 discretus
809 2757 853 2810 uir
882 2757 1016 2826 magister
1054 2759 1193 2815 Ricardus
1228 2760 1265 2814 de
1277 2731 1348 2823 ἓξὲξ
1350 2731 1426 2823 'iffi'

161 2847 294 2902 Nedham
316 2856 480 2918 procurator
501 2856 593 2900 uester
615 2844 740 2910 ueniens,
763 2860 793 2899 se
818 2844 881 2900 loco
902 2847 987 2902 uestri
1007 2847 1037 2900 in
1058 2847 1120 2918 ipso
1145 2831 1394 2947 concilioffssffd·

159 2934 339 3004 presentauit,
359 2933 466 2987 litteras
491 2929 700 3002 procuracionis
719 2939 746 2984 et
769 2931 965 2987 excusacionis
989 2933 1150 2988 huiusmodi
1173 2934 1264 3002 nobis,

159 3037 243 3092 quem
274 3019 349 3074 idern
379 3017 512 3072 dominus
544 3019 622 3088 Papa
651 3016 688 3070 ad
719 3017 911 3086 recipiendum
941 3019 1153 3088 procurationes
1188 3018 1265 3090 ipsas

159 3110 354 3179 deputauerat,
384 3107 582 3177 presentando.
625 3101 720 3174 Quas8
746 3105 911 3175 recepimus,
935 3106 1068 3177 dictoque
1091 3110 1265 3178 procuratori

159 3195 331 3251 restituimus
355 3203 506 3264 postquam
532 3193 559 3246 in
585 3195 686 3249 eodem
712 3194 840 3250 Concilio
864 3194 1090 3264 procuratoribus
1114 3195 1264 3250 recedendi

158 3283 277 3340 licencia
288 3283 339 3338 iuit
352 3283 427 3337 data.

213 3373 246 3427 ln
266 3371 346 3427 cuius
363 3371 403 3426 rei
420 3370 613 3426 testimonium
630 3380 774 3440 presentes
786 3369 895 3424 litteras
911 3369 1030 3424 fecimus
1045 3369 1103 3423 fieri
1121 3381 1149 3426 et
1167 3382 1264 3426 nostro

159 3459 251 3530 sigillo
263 3457 373 3512 muniri.

213 3547 321 3599 Datum
336 3543 464 3613 Lugduni
478 3541 558 3612 .xiiij0
570 3543 624 3597 kal
635 3542 708 3614 Junij
717 3559 793 3598 anno
801 3543 907 3599 domini
916 3554 973 3599 .m⁰.
984 3553 1045 3600 .cc⁰.
1056 3547 1264 3616 septuagesimo

159 3643 267 3705 quarto,
281 3632 436 3687 indictione
450 3631 580 3686 secunda

388 3907 434 3956 10.
479 3889 673 3954 procurans
696 3889 731 3952 in
756 3887 861 3956 curia
881 3889 1042 3954 Ronmna.

213 4031 321 4084 Notum
339 4028 375 4082 sit
391 4027 523 4082 omnibus
541 4038 639 4081 sancte
655 4025 754 4080 matris
773 4027 892 4080 ecclesie
909 4025 974 4094 filijs
986 4026 1024 4080 ad
1035 4042 1108 4097 quos
1121 4037 1264 4095 presentes
1277 4035 1331 4077 ’the

158 4117 250 4174 littere
262 4115 448 4187 peruenerint,
461 4116 538 4185 quod
550 4131 603 4169 nos
618 4116 723 4182 Symon
738 4115 826 4181 Prior,
838 4123 866 4169 et
879 4125 1035 4169 conuentus
1052 4115 1214 4186 monasterij
1229 4115 1265 4171 de
1277 4091 1395 4188 ξζζζῖἓέ.

160 4205 331 4263 Bernewelle
351 4203 458 4257 ordinis
479 4201 569 4256 sancti
595 4201 745 4272 Augustini
769 4201 901 4269 Elyensis
919 4202 1072 4268 dioceseos,
1092 4202 1264 4274 ordinamus,
1279 4187 1421 4287 {fflffi

570 4321 579 4354 ¹
597 4322 645 4373 See
653 4323 743 4380 above,
755 4339 780 4387 p.
798 4337 853 4385 ¹²4·

574 4403 585 4436 ¹
601 4421 672 4472 quos,
684 4405 740 4456 MS.
