3234 5059
149 399 209 500 111]
464 399 524 474 tlte
547 427 630 474 men
656 399 704 496 os
720 396 937 497 Impington
1187 423 1255 494 139

149 589 317 665 memoria,
348 587 456 651 dedit²
482 587 623 670 quilibet
645 607 759 652 eorum
784 608 844 670 per
872 607 1008 665 annum,
1034 606 1134 650 vnam
1161 586 1257 669 galli-

149 713 226 756 nam
251 692 293 755 ad
316 691 439 756 Natale
459 691 597 766 domini,
615 701 650 754 et
671 693 787 756 decem
808 711 875 756 oua
895 692 939 754 ad
961 690 1097 766 Pascha,
1118 698 1153 754 et
1172 689 1258 754 duos

149 817 252 880 panes
273 808 307 859 et
322 816 423 860 vnam
444 797 584 878 garbam
608 797 640 860 in
662 807 852 878 autumpno
871 816 932 878 pro
951 794 1106 861 habenda
1121 804 1259 878 pastura

149 903 182 966 in
204 922 326 984 campo
344 901 387 964 de
403 901 619 979 Cestertone;
642 911 677 966 et
692 901 782 984 quod
798 901 968 984 predictus
985 900 1076 963 Prior
1091 909 1126 964 et
1141 899 1258 980 prede-

148 1026 296 1072 cessores
318 1007 368 1070 sui
390 1027 409 1069 a
430 1015 582 1088 tempore
602 1026 669 1089 quo
692 1027 758 1072 non
780 1015 878 1070 extat
899 1005 1060 1069 memoria
1076 1004 1208 1069 suerunt
1224 1005 1259 1068 in

149 1131 294 1193 seysyna
317 1111 360 1178 de
382 1112 534 1195 predicto
556 1112 717 1188 seruicio;
744 1121 777 1175 et
800 1110 891 1194 quod
916 1110 1027 1174 nullus
1049 1108 1193 1174 villanus
1215 1108 1260 1172 de

152 1215 320 1298 Impitone
347 1225 440 1280 tenet
466 1216 553 1282 vltra
578 1214 754 1282 dimidiam
777 1216 944 1298 virgatam
970 1223 1066 1279 terre.
1112 1213 1158 1276 Et
1180 1212 1260 1294 quia

151 1319 319 1402 predictus
348 1319 441 1384 Prior
467 1328 500 1382 et
527 1321 779 1401 predecessores
805 1319 856 1382 sui
884 1339 904 1380 a
927 1326 1079 1400 tempore
1100 1336 1169 1398 quo
1191 1335 1259 1380 non

151 1433 247 1488 extat
270 1424 431 1488 memoria
455 1423 588 1488 fuerunt
611 1425 645 1488 in
668 1423 802 1507 seysina
822 1423 866 1487 de
887 1422 1038 1505 predicto
1057 1421 1198 1484 seruicio
1217 1418 1260 1482 de

150 1526 281 1592 villanis
304 1529 445 1611 predicti
470 1529 558 1592 Petri
581 1549 643 1610 pro
665 1527 817 1610 predicta
838 1546 1019 1593 communa
1044 1523 1200 1589 habenda
1226 1524 1260 1586 in

152 1633 302 1712 predicto
324 1652 446 1714 campo
469 1632 511 1694 de
535 1631 740 1708 Cestertone‚
762 1641 796 1694 et
819 1631 866 1694 illi
888 1629 1004 1695 villani
1026 1627 1107 1692 illud
1130 1647 1261 1710 semper

151 1732 259 1798 facere
280 1735 433 1800 solebant
454 1734 496 1798 de
516 1735 591 1818 jure
611 1744 645 1798 et
666 1754 733 1798 non
753 1735 795 1798 de
811 1735 931 1817 gracia,
947 1732 1194 1796 consideratum
1210 1741 1262 1796 est

152 1839 242 1921 quod
259 1838 428 1922 predictus
445 1839 538 1904 Prior
552 1839 676 1904 habeat
692 1849 865 1902 returnum
881 1837 1079 1912 aueriorum,
1094 1846 1129 1901 et
1146 1835 1261 1900 Petrus

153 1946 186 2008 in
203 1943 429 2008 misericordia
445 1965 505 2026 pro
521 1943 606 2008 salso
621 1943 775 2008 clamore

219 2049 267 2114 Et
287 2047 439 2113 similiter
460 2048 629 2130 predictus
651 2047 744 2111 Prior
764 2049 797 2110 in
820 2047 1044 2111 misericordia
1062 2066 1123 2129 pro
1139 2046 1261 2110 iniusta
1274 2061 1292 2112 r.
1306 2062 1361 2125 μὴ

154 2152 361 2217 districtione
387 2152 475 2215 sacta
501 2171 600 2235 super
627 2149 813 2233 predictum
842 2150 986 2225 Petrum,
1010 2170 1050 2213 eo
1076 2151 1167 2231 quod
1194 2149 1261 2212 dis-

154 2257 274 2322 trinxit
293 2275 369 2319 eum
392 2276 453 2337 pro
474 2255 623 2338 pluribus
644 2253 792 2336 seruicijs
807 2274 909 2337 quam
926 2255 955 2316 ei
972 2262 1262 2336 recognoscuntur.

157 2359 202 2424 Et
224 2357 448 2424 misericordia
469 2349 608 2441 predicti
627 2357 747 2420 Prioris
762 2358 967 2439 perdonatur
981 2376 1040 2438 per
1059 2354 1262 2438 justiciarios

155 2473 216 2527 etc.

548 2672 597 2739 59.
641 2657 747 2722 Breue
768 2658 876 2742 Regu.

210 2827 394 2902 E[dwardus]
407 2830 462 2886 Dei
475 2831 572 2900 gracia
584 2839 635 2885 etc
650 2829 809 2886 vicecomiti
825 2828 1005 2898 Cantebrigie
1018 2829 1146 2886 salutem.
1181 2830 1262 2884 Scias
1274 2851 1342 2893 wffl
1351 2849 1380 2891 or

155 2919 232 2989 quod
252 2919 332 2973 Prior
350 2919 385 2972 de
405 2917 575 2972 Bernewelle
594 2919 623 2971 in
642 2918 719 2972 curia
738 2926 835 2971 nostra
853 2933 949 2971 coram
970 2916 1136 2988 justiciarijs
1157 2919 1261 2972 nostris
1274 2903 1407 2994 {affl

156 3007 231 3077 apud
253 3005 539 3060 Westmonasterium
560 3021 611 3074 per
632 2997 893 3059 consideracionem
914 3003 1041 3058 eiusdem
1066 3006 1142 3058 curie
1167 3016 1262 3060 nostre
1274 3004 1369 3096 {⁰113st

156 3094 331 3163 recuperauit
350 3109 447 3148 versus
471 3093 585 3146 Petrum
607 3093 642 3148 de
665 3092 794 3148 Chauent
815 3102 962 3146 retumum
978 3103 1101 3162 quatuor
1117 3109 1260 3163 equorum.
1274 3104 1386 3146 mareon.

157 3181 196 3236 Et
224 3181 288 3237 ideo
315 3181 367 3235 tibi
396 3180 567 3252 precipimus
595 3181 672 3251 quod
696 3181 789 3236 eidem
815 3179 904 3234 Priori
929 3180 1057 3249 predicta
1080 3181 1177 3236 aueria
1201 3182 1263 3237 sine

156 3270 296 3324 dilacione
317 3269 453 3323 returnari
475 3268 571 3322 facias.
609 3269 695 3323 Teste
717 3265 853 3339 Th[0ma]
874 3267 911 3322 de
929 3267 1071 3336 Weyland
1089 3278 1143 3322 etc.
1162 3285 1200 3322 xv
1217 3269 1264 3324 die

156 3369 208 3414 etc.

226 3578 277 3642 60.
321 3576 373 3640 De
385 3575 481 3658 falso
493 3575 623 3660 sicdicio
645 3575 722 3638 dato
745 3575 779 3639 in
800 3574 894 3639 curia
915 3577 955 3640 dc
976 3575 1198 3644 Badburlram.

223 3755 335 3821 Semel
370 3755 403 3817 in
434 3774 523 3817 anno
552 3753 706 3818 solebant
735 3773 853 3817 omnes
884 3764 1038 3818 tenentes
1069 3757 1191 3821 Prioris
1221 3759 1264 3822 de
1276 3757 1367 3850 iiiii.

158 3859 357 3926 Bernewelle
377 3860 419 3923 de
441 3859 574 3923 Brunne
594 3859 637 3923 ad
659 3859 783 3922 curiam
799 3859 928 3921 domini
945 3858 1117 3943 G[ilberti]
1137 3861 1262 3928 Pecche
1275 3863 1413 3952 ἓξὲξ*

158 3968 278 4040 uenire,
305 3965 430 4028 scilicet
456 3965 511 4027 die
533 3964 623 4026 visus
650 3963 754 4026 franci
781 3963 902 4046 plegii3
930 3964 990 4026 sed
1018 3964 1110 4027 Prior
1131 3987 1264 4050 semper

157 4071 305 4154 percepit
332 4069 590 4133 amerciamenta
616 4068 660 4132 de
685 4069 753 4131 suis
777 4068 969 4132 tenentibus
991 4070 1174 4134 secundum
1198 4073 1263 4135 ior-

158 4193 249 4240 mam
269 4172 442 4237 cuiusdam
464 4172 718 4254 composicionis
739 4171 827 4235 facte
847 4172 933 4236 inter
955 4175 1064 4256 ipsum
1088 4174 1261 4240 dominum

159 4277 376 4361 G[ilbertum]
398 4287 433 4341 et
456 4277 565 4360 ipsum
589 4277 744 4340 Priorem.

443 4452 452 4484 ¹
469 4453 526 4504 The
537 4455 593 4505 MS.
607 4456 679 4504 reads
690 4455 782 4505 debent
793 4455 845 4506 and
855 4455 987 4506 dederunt.
