3234 5059
341 394 407 443 122
427 371 580 446 Boume
605 373 729 460 buret,
757 374 837 448 and
858 375 1061 449 Barnwell
1082 376 1303 450 threatened
1320 375 1441 475 [Boon

334 556 424 638 quod
446 556 581 621 ibierat
601 558 802 623 deecclesia
822 569 857 624 et
879 560 923 626 de
940 561 1047 625 tribus
1069 563 1232 626 carucatis
1253 571 1341 627 terre
1362 583 1441 628 con-

335 670 574 725 cremauerunt.
622 662 788 726 Homines
819 684 898 728 uero
929 663 1016 727 illius
1046 664 1124 728 uille
1154 665 1319 747 sugerunt,
1346 673 1380 729 et
1407 665 1440 728 in

172 789 287 891 {ilipa
334 773 430 830 tanto
460 765 641 831 infortunio
671 787 738 832 non
766 767 829 833 suit
858 769 916 851 qui
947 768 1129 833 adiuuaret
1175 769 1309 835 Cotidie
1333 771 1439 833 eciam

170 889 310 982 ppaepon
294 880 498 935 nuenerunt
521 872 661 935 ministri
685 873 869 957 iniquitatis
893 873 936 936 ad
960 873 1147 938 Prioratum
1172 874 1215 938 de
1240 872 1441 938 Bemewelle

171 990 213 1032 the
204 989 320 1081 ιιιοιγ,
333 983 369 1037 et
393 974 437 1037 ibi
462 975 679 1040 comederunt
702 985 736 1040 et
759 977 923 1054 biberunt,
944 985 978 1041 et
1000 998 1157 1062 magnam
1180 979 1439 1042 destructionem

169 1052 211 1133 ihr
204 1040 299 1133 {nae
300 1092 316 1133 ιι
335 1073 490 1139 lecerunt.
529 1074 690 1141 Canonici
703 1096 782 1141 uero
783 1078 956 1160 ‚quamuis
973 1077 1131 1154 nolentes,
1143 1078 1272 1143 uultum
1289 1078 1439 1142 hillarem

170 1140 295 1192 vioenc;le

170 1191 249 1292 1ιζηιιν
214 1254 262 1284 m
246 1173 305 1284 “leh
335 1178 382 1240 eis
413 1179 664 1260 pretendebant,
694 1191 728 1243 et
758 1200 834 1244 cum
869 1181 917 1244 eis
954 1182 1177 1246 comedebant
1207 1191 1241 1246 et
1271 1183 1443 1258 bibebant,

168 1292 321 1385 g„,¹,¹,²„},3⁶·
336 1302 468 1365 semper
489 1283 671 1347 hesitantes
694 1305 736 1348 ne
758 1285 904 1348 deterius
927 1286 1144 1368 contingeret.
1188 1285 1340 1370 Contigit
1360 1306 1440 1368 ergo

168 1392 285 1454 carrying
336 1389 427 1470 quod
465 1389 602 1470 quidam
642 1391 692 1452 uir
729 1400 855 1454 stature
891 1411 1021 1474 magne,
1055 1391 1164 1455 dictus
1201 1390 1371 1474 Philippus
1409 1389 1439 1453 le

171 1443 296 1545 mmm
336 1491 535 1574 Champion‚
561 1493 707 1558 diluculo
738 1493 816 1558 lecit
844 1493 990 1558 Priorem
1017 1495 1158 1559 excitari
1185 1495 1228 1558 de
1255 1495 1342 1558 lecto
1369 1515 1439 1570 su0,

334 1595 490 1678 dixitque
512 1596 555 1660 ad
578 1618 675 1661 eum:
709 1597 784 1661 Volo
803 1597 918 1662 habere
936 1599 986 1661 ad
1003 1611 1080 1682 opus
1101 1599 1229 1663 demini
1251 1599 1317 1663 mei
1337 1609 1438 1662 totum

334 1696 466 1763 bladum
487 1709 588 1776 tuum,
603 1709 635 1764 et
654 1710 754 1764 totum
775 1701 937 1765 braese'um
958 1710 1059 1777 tuum,
1079 1711 1111 1764 et
1129 1711 1230 1765 totum
1252 1701 1439 1766 lardarium

334 1811 435 1865 tuum.
486 1800 594 1865 Trade
611 1801 717 1884 egitur
733 1801 819 1864 milei
836 1803 949 1866 clauss.
988 1801 1243 1885 Responditque
1265 1803 1372 1866 Prior:
1397 1801 1441 1866 Si

333 1905 444 1968 omnm
460 1905 513 1968 uis
526 1904 649 1982 habere,
666 1916 741 1970 tune
754 1927 817 1970 non
825 1917 1000 1990 possumus
1014 1906 1066 1970 hic
1073 1918 1271 1991 permanere.
1318 1906 1438 1989 Super-

335 2019 497 2072 uenerunt
517 2029 596 2072 uero
615 2010 683 2073 duo
704 2009 759 2090 alij
782 2013 838 2092 qui
859 2020 954 2074 erant
975 2010 1017 2074 de
1038 2010 1164 2074 familia
1185 2010 1313 2074 domini
1336 2011 1374 2074 R
1397 2010 1440 2074 de

338 2110 521 2187 Kerebroh,
542 2113 599 2194 qui
620 2121 691 2176 erat
713 2114 841 2176 amicus
863 2113 991 2190 Prioris,
1007 2113 1231 2197 dixeruntque
1251 2114 1294 2178 ad
1317 2113 1439 2195 Philip·

235 2216 253 2266 ἰ·
265 2217 324 2280 45b
337 2234 417 2297 pum
431 2235 437 2279 :
463 2213 585 2280 Omnia
600 2215 681 2278 bona
698 2215 794 2279 estius
808 2215 924 2279 demus
936 2227 1015 2281 sunt
1026 2225 1151 2298 seysyta
1165 2217 1214 2280 ad
1223 2227 1301 2298 epus
1315 2217 1443 2280 demini

337 2320 443 2383 nostri
458 2330 490 2382 et
507 2330 542 2384 tu
563 2319 616 2382 uis
633 2341 670 2382 ea
688 2319 845 2403 auferre?
889 2319 935 2383 Et
955 2320 1128 2403 Philippus
1144 2322 1211 2385 ait:
1233 2321 1308 2405 Ego
1328 2321 1440 2385 emnia

333 2425 502 2506 asportato
525 2424 615 2488 mala
632 2425 750 2506 gracia
775 2433 892 2488 uestra.
938 2423 985 2489 Et
1007 2425 1062 2507 alij
1087 2427 1346 2508 responderunt:
1372 2426 1441 2489 Per

327 2527 449 2611 plagas
469 2529 536 2592 Dei
552 2549 615 2592 nen
628 2529 742 2609 facies.
789 2528 835 2592 Et
855 2531 902 2592 sic
922 2539 995 2594 orta
1015 2537 1068 2592 est
1083 2531 1257 2593 contencio
1272 2531 1357 2592 inter
1372 2550 1439 2607 eos,

334 2641 368 2696 et
384 2641 606 2697 extraxerunt
617 2632 747 2715 gladios
759 2633 801 2695 ad
816 2641 934 2695 mutuo
944 2652 980 2696 se
996 2631 1241 2697 interficiendos
1257 2635 1290 2696 in
1306 2643 1437 2698 tantum

336 2737 427 2819 quod
448 2737 700 2801 circumstantes
722 2737 781 2799 uix
798 2745 953 2821 poterant
968 2757 1026 2800 eos
1046 2737 1171 2801 sedare.
1217 2737 1439 2802 Recesserunt

336 2862 415 2925 ergo
436 2862 511 2905 cum
533 2842 641 2905 lurore
662 2860 786 2924 magno
807 2840 850 2904 ad
872 2841 1161 2905 determinandam
1178 2843 1388 2924 questionem
1405 2844 1438 2905 in

337 2945 450 3010 Insula
466 2965 577 3009 coram
594 2945 738 3010 dominis
753 2946 832 3022 suis,
847 2944 948 3008 nichil
963 2945 1027 3008 hac
1042 2944 1114 3009 uice
1129 2955 1348 3029 asportantes.

431 3199 480 3264 34
524 3183 576 3247 De
597 3183 738 3248 aduentu
761 3183 864 3266 Regis
885 3181 1057 3267 H[enriee]
1077 3183 1198 3248 eteius
1219 3204 1347 3249 recessu.

171 3305 344 3496 {gffigp
400 3344 554 3409 Audiens
569 3355 682 3410 autem
699 3367 758 3410 rex
775 3347 864 3429 quod
886 3346 1046 3411 insulares
1063 3347 1168 3410 multa
1188 3346 1437 3412 malefacerent

127 3467 131 3472 ·
171 3467 208 3546 g
186 3461 277 3546 mehe
266 3505 321 3556 ,dn
335 3449 368 3512 in
384 3449 521 3512 circuitu
534 3451 624 3513 vemt
640 3471 715 3513 cum
733 3471 858 3533 magno
870 3452 1024 3517 exercitu
1032 3450 1075 3514 ad
1089 3450 1202 3513 villam
1216 3449 1438 3534 Cantebrigie,

171 3605 312 3657 ΙΗοτοςῙε

170 3673 315 3776 ξιιῗεειιιέιοεδιθ
335 3659 435 3723 frater
452 3658 563 3741 Regis,
579 3659 836 3742 hospitabatur'
828 3681 861 3723 m
879 3659 1029 3723 Prioratu
1045 3662 1088 3724 de
1105 3660 1313 3724 Bernewelle.
1361 3661 1437 3725 Rex

172 3774 253 3823 mend
264 3785 296 3815 ιι
280 3774 313 3815 nd
335 3785 413 3829 uero
429 3763 506 3827 lecit
521 3762 675 3828 edificare
690 3774 813 3847 portas,
829 3776 863 3829 et
878 3763 985 3829 iacere
1002 3764 1167 3829 fossatas'
1158 3787 1191 3829 m
1208 3766 1345 3830 circuitu
1360 3767 1438 3830 ville
1533 3754 1535 3757 ⁵

170 3824 301 3966 Ξιὶῗὶζῖ
335 3888 410 3932 cum
427 3889 550 3951 magna
565 3867 751 3950 diligencia,
763 3889 823 3932 nec
839 3871 990 3951 permisit
1002 3870 1169 3952 operarios
1181 3869 1299 3934 diebus
1310 3870 1437 3935 sestiuis

171 3980 250 4017 town.
334 3973 378 4036 ab
392 3993 492 4055 opere
504 3973 638 4054 incepto
649 3993 785 4036 cessare.
817 3973 961 4037 Ministri
975 3994 1054 4037 uero
1066 3974 1152 4056 regis
1163 3975 1286 4038 cotidie
1298 3975 1439 4039 exibant

334 4098 393 4159 per
413 4077 586 4140 circuitum
604 4076 717 4140 Insule
732 4078 759 4140 si
775 4078 860 4142 sorte
875 4086 1013 4160 possent
1027 4078 1157 4160 aliquos
1178 4077 1220 4142 de
1239 4078 1437 4143 insularibus

333 4179 621 4264 comprehendere
668 4179 835 4245 Exierunt
857 4202 937 4264 ergo
960 4181 1097 4264 quidam
1124 4183 1286 4246 insulares
1312 4185 1438 4248 desua

334 4287 456 4350 uirtute
485 4284 700 4361 confidentes,
726 4296 760 4349 et
789 4296 950 4368 ceperunt
980 4286 1069 4350 mala
1095 4286 1204 4352 iacere
1230 4289 1263 4350 in
1291 4288 1369 4353 villa
1395 4289 1438 4352 de

335 4388 646 4473 Hominggesheye,
676 4390 858 4452 secundum
889 4392 978 4472 quod
1009 4402 1260 4468 consueuerant,
1291 4392 1323 4454 in
1360 4413 1438 4455 con-

172 3555 259 3597 ΨΜ·
335 3563 368 3617 et
384 3553 430 3618 ibi
446 3553 684 3635 hospitabatur.
724 3553 801 3617 Rex
818 3575 897 3618 uero
913 3553 1124 3632 Alemannie,
1137 3554 1301 3619 Ricardus
1313 3557 1445 3625 scilicet¹
