3234 5059
164 421 226 522 111]
310 423 428 497 Land
449 427 489 498 in
516 422 649 497 Bourn
666 422 777 517 from
806 423 954 496 Gilbert
979 421 1114 496 Pecche
1199 444 1266 516 133

163 630 243 674 uero
258 631 359 695 quam
376 611 454 674 iecit
469 611 565 675 nobis
581 610 736 673 dominus
753 607 951 695 G[ilbertus]
969 609 1095 673 Pecche
1115 609 1269 673 dedimus
1281 619 1398 713 gpfflffis·

163 715 272 779 eidem
310 714 356 779 .C.
395 715 520 779 solidos
557 713 801 796 sterlingorum,
840 724 873 778 et
910 715 1097 777 remisimus
1134 712 1197 776 sibi
1234 722 1269 778 et
1281 720 1406 822 ffiffpohe

163 819 407 883 successoribus
429 819 496 882 suis
518 828 595 882 octo
619 816 743 881 solidos
766 819 868 882 annui
892 817 1040 882 redditus
1065 819 1107 881 de
1130 837 1269 880 numero
1281 822 1350 912 ἓξὲξ
1353 821 1413 921 32„

163 973 169 988 .
182 923 207 988 C
222 973 229 988 .
242 934 276 988 et
299 934 376 988 octo
397 923 580 986 solidorum
597 921 630 984 in
646 922 767 1004 quibus
783 921 880 985 nobis
896 921 1072 985 tenebatur
1086 921 1268 996 annuatim,
1280 921 1385 1021 ξοξξζὲἣ

162 1038 196 1092 et
219 1028 282 1092 hoc
303 1050 363 1113 per
384 1028 514 1092 literam
533 1036 681 1091 nostram
703 1047 804 1110 quam
829 1027 908 1089 inde
930 1025 1032 1090 habet
1055 1025 1157 1088 talem
1176 1023 1268 1088 vide-
1283 1031 1341 1074 ¹²⁷⁵·

162 1131 240 1196 licet
252 1155 258 1195 :

216 1249 365 1305 Uniuersis
379 1248 484 1304 Christi
497 1249 627 1304 fidelibus
639 1259 691 1304 etc
724 1248 870 1304 Noueritis
882 1266 935 1303 nos
947 1249 1090 1303 remisisse
1102 1257 1131 1303 et
1142 1248 1269 1318 quietum

161 1339 300 1393 clamasse
312 1338 430 1392 domino
443 1337 571 1392 Gilberto
585 1337 677 1392 Peche
690 1347 717 1391 et
731 1337 789 1391 suis
802 1338 1013 1391 successoribus
1028 1347 1094 1391 octo
1110 1335 1217 1390 solidos
1233 1335 1269 1389 de

163 1435 374 1480 numero.C.et
396 1435 462 1481 octo
484 1425 638 1480 solidorum
662 1425 691 1480 in
713 1425 816 1496 quibus
841 1425 924 1480 nobis
948 1426 1098 1480 tenebatur
1118 1441 1169 1494 per
1190 1439 1268 1491 cyro·

161 1509 300 1580 graphum
313 1509 341 1563 in
355 1510 432 1565 curia
445 1509 562 1563 Domini
578 1508 664 1577 Regis
675 1509 808 1576 leuatum,
822 1509 863 1563 ita
875 1509 951 1580 quod
969 1509 1044 1562 idem
1062 1507 1269 1578 cyrographum

162 1609 218 1662 quo
248 1593 458 1648 ad.e.solidos
486 1592 616 1647 residuos
644 1603 696 1647 etc.
722 1591 770 1663 qui
798 1592 829 1645 in
859 1608 892 1646 eo
923 1590 1103 1647 continentur
1128 1590 1269 1660 integrum

162 1689 327 1735 remaneant
344 1689 371 1734 et
388 1679 535 1735 illibatum.

229 1787 293 1850 Pro
308 1806 375 1869 qua
388 1785 582 1850 remissione
596 1794 631 1850 et
642 1795 777 1850 centum
794 1784 910 1849 solidis
922 1805 1007 1867 quos
1022 1785 1052 1848 ei
1068 1783 1268 1848 donauimus

162 1888 255 1952 dedit
272 1890 367 1953 nobis
384 1889 568 1972 predictam
590 1890 764 1953 dimidiam
782 1889 947 1971 virgatam
968 1896 1053 1952 terre
1075 1889 1108 1950 in
1130 1888 1267 1951 liberam

161 2013 279 2076 puram
304 2004 338 2058 et
362 2003 557 2077 perpetuam
581 1994 799 2057 elemosinam
825 2014 883 2077 per
906 2012 1001 2057 suam
1025 2003 1150 2056 cartam
1175 1992 1268 2055 cuius

160 2107 257 2161 tenor
279 2099 356 2162 talis
378 2109 449 2163 est:

216 2218 365 2273 Uniuersis
399 2217 502 2274 Christi
539 2218 669 2273 fidelibus
703 2217 848 2272 Gilbertus
886 2217 996 2271 Pecche
1033 2225 1084 2271 etc.
1123 2215 1268 2272 Noveritis

163 2323 209 2360 me
239 2305 352 2360 dedisse
380 2307 555 2362 concessisse
583 2316 610 2360 et
637 2306 759 2377 presenti
791 2317 869 2360 carta
897 2322 961 2359 mea
991 2305 1173 2360 confirmasse
1204 2305 1268 2359 Deo

161 2401 190 2447 et
220 2393 348 2447 Ecclesie
377 2392 468 2446 sancti
496 2391 591 2461 Egidij
618 2391 654 2446 de
682 2392 861 2459 Bemewelle,
890 2402 917 2446 et
946 2391 1033 2445 Priori
1060 2401 1088 2446 et
1116 2390 1269 2446 Canonicis

161 2479 267 2534 ibidem
293 2482 358 2535 Deo
382 2480 580 2549 seruientibus,
603 2497 655 2551 pro
679 2481 769 2534 salute
794 2479 889 2534 anime
914 2496 976 2533 mee
1000 2489 1029 2534 et
1058 2490 1269 2535 antecessorum

162 2574 189 2618 et
214 2580 409 2619 successorum
434 2580 569 2632 meorum,
595 2574 622 2618 et
646 2563 864 2633 pro.c.solidis
882 2562 1080 2632 sterlingorum
1105 2580 1177 2635 quos
1198 2563 1268 2616 mihi

162 2653 300 2708 dederunt
329 2663 357 2708 et
385 2669 436 2722 pro
461 2651 627 2706 remissione
651 2661 716 2706 octo
742 2651 896 2706 solidorum
921 2652 1007 2705 annui
1031 2651 1158 2706 redditus
1182 2668 1267 2722 quam

161 2741 248 2794 michi
275 2741 400 2795 iecerunt
425 2747 453 2793 et
477 2739 548 2794 meis
572 2739 725 2793 heredibus
749 2756 835 2792 unam
861 2739 1007 2793 dimidiam
1033 2741 1171 2807 virgatam
1196 2750 1268 2794 terre

162 2847 227 2885 cum
245 2829 427 2900 pertinencijs
445 2829 474 2882 in
493 2829 560 2883 villa
580 2840 608 2884 et
627 2829 737 2898 campis
755 2829 791 2883 de
812 2829 926 2883 Brunne
944 2845 1030 2898 quam
1052 2828 1090 2882 de
1111 2845 1157 2883 me
1179 2829 1268 2882 tenuit

161 2917 313 2989 aliquando
325 2918 458 2972 dominus
474 2918 600 2986 Rogerus
614 2928 766 2986 perpetuus
779 2915 901 2971 vicarius
913 2917 949 2971 de
965 2916 1066 2971 eadem
1081 2933 1133 2987 pro
1149 2916 1268 2970 seruicia

160 3015 225 3060 octo
237 3005 400 3060 solidorum.
439 3005 612 3059 Habendam
625 3015 653 3058 et
670 3005 824 3059 tenendam
841 3004 947 3058 dictam
964 3004 1113 3059 dimidiam
1129 3003 1268 3072 virgatam

160 3103 232 3148 terre
245 3109 309 3147 cum
322 3093 380 3147 suis
393 3091 573 3164 pertinencijs
587 3093 615 3146 in
629 3091 746 3146 liberam
759 3108 860 3162 puram
870 3102 898 3146 et
908 3101 1073 3162 perpetuam
1082 3091 1267 3146 elemosinam

160 3181 244 3236 dictis
262 3181 350 3236 Pn'ori
367 3192 394 3236 et
413 3181 565 3235 Canonicis
582 3191 722 3236 eteorum
740 3180 952 3235 successoribus
971 3180 999 3233 in
1018 3190 1194 3251 perpetuum.
1233 3180 1266 3232 ln

160 3270 239 3325 cuius
252 3269 292 3324 rei
304 3267 498 3325 testimonium
511 3279 564 3325 etc.

195 3441 244 3508 53.
288 3428 341 3490 De
360 3428 556 3492 contencione
575 3427 696 3491 chascia
719 3426 804 3490 inter
824 3426 1008 3508 Burgenses
1031 3425 1235 3510 Cantebrrgie

397 3611 400 3618 Ι
471 3543 502 3595 et
522 3532 674 3596 Priorem
696 3531 734 3595 de
756 3531 954 3596 Bemowelk.

227 3659 374 3743 Quidam
391 3660 571 3743 burgenses
595 3660 809 3743 Cantebrigie
825 3661 1013 3725 inuidentes
1034 3665 1266 3728 commoditati
1281 3686 1348 3728 now
1355 3686 1398 3728 ure

161 3765 395 3827 canonicorum
419 3763 577 3826 dicebant
599 3763 690 3846 quod
717 3765 806 3826 Prior
830 3775 864 3828 et
890 3775 1074 3829 conuentus
1097 3767 1139 3830 ad
1167 3788 1265 3831 nocu·
1279 3737 1395 3848 illnllla

162 3877 312 3932 mentum
328 3869 435 3932 tocius
457 3867 534 3931 ville
554 3867 844 3951 obstuppauerunt
866 3888 1078 3933 communem
1100 3849 1313 3979 chasciamllp¹
1334 3838 1413 3978 ⁸effic-‘e-

161 3991 264 4035 suam.
312 3971 413 4034 Anno
429 3971 530 4054 igitur
546 3973 637 4055 regni
656 3972 759 4054 Regis
777 3973 954 4035 Eadwardi
970 3985 1089 4055 quarto
1106 3986 1267 4040 venerunt
1279 3949 1379 4080 ἓξὲξ·

162 4076 302 4139 ministri
327 4077 412 4158 regis
435 4078 467 4139 in
493 4079 690 4140 comitatum
715 4075 929 4159 Cantebrigie
952 4077 995 4140 ad
1019 4078 1399 4191 inquirendumffirppq

210 4221 217 4253 ¹
236 4223 298 4272 This
314 4222 389 4273 refers
404 4231 431 4272 to
448 4223 491 4272 the
505 4231 575 4287 great
589 4222 751 4273 commisslon
767 4223 796 4272 oi
808 4224 908 4288 inquiry
923 4223 1053 4273 instituted
1069 4225 1102 4288 by
1118 4225 1228 4275 Edu-ard
1244 4227 1267 4276 I.
1280 4191 1416 4308 fffflm

160 4306 330 4370 immediately
346 4305 409 4356 aiter
425 4305 464 4355 his
480 4306 569 4356 arrival
587 4307 612 4355 in
631 4306 748 4371 England
766 4309 791 4356 in
812 4321 883 4369 1274,
896 4308 939 4356 the
956 4307 1045 4356 results
1061 4308 1091 4356 oi
1103 4308 1186 4358 which
1202 4325 1268 4358 were

160 4389 338 4453 subsequently
357 4389 476 4439 reoorded
497 4390 523 4438 in
543 4388 585 4439 the
607 4390 732 4439 Hundred
753 4389 833 4439 Rolls
874 4391 923 4440 see
946 4391 1047 4449 stubbs,
1073 4391 1272 4442 Consanum!

161 4469 273 4534 History‚
293 4471 331 4518 ed.
356 4473 426 4533 1875,
446 4470 501 4518 Vol.
524 4471 548 4518 ii.
569 4487 593 4534 p.
617 4487 669 4522 110.
