3234 5059
350 367 418 455 148
512 361 651 437 Action
678 363 718 436 in
745 374 879 460 respect
904 365 952 462 of
966 365 1127 464 eaghteen
1153 362 1281 437 marks
1332 361 1447 460 [Boon

181 563 302 605 ruerem
412 547 457 610 Et
486 547 658 611 sciendum
688 548 778 631 quod
810 550 959 631 predicte
987 550 1209 634 quadraginta
1239 559 1273 612 et
1307 557 1451 632 quatuor

181 613 295 715 {miii
346 673 456 716 marce
486 652 593 716 solute
623 652 755 716 suerunt
785 663 937 736 tempore
967 655 1093 718 domini
1127 655 1247 718 Prioris
1283 652 1451 737 Symonis,

182 725 240 768 m
346 777 435 821 anno
465 757 656 840 supradicto
686 767 720 821 et
750 758 833 836 loco,
862 760 988 824 scilicet
1018 781 1107 824 anno
1136 760 1264 824 domini
1293 765 1451 824 .m⁰.ec⁰.

345 862 592 945 septuagesimo
615 863 725 926 tercio.

182 967 304 1060 {2322
411 966 457 1029 Et
486 976 621 1029 centum
653 986 762 1029 marce
789 976 884 1030 erant
911 976 1029 1031 mutuo
1058 976 1191 1050 recepte
1221 967 1264 1030 ab
1294 965 1451 1048 episcopo

183 1067 286 1170 ξξῑξξξᾱ
347 1069 580 1152 prenominato
604 1069 636 1131 in
660 1068 745 1132 sesto
768 1069 936 1134 Cathedre
959 1071 1064 1134 sancti
1090 1071 1189 1146 Petri,
1212 1090 1301 1132 anno
1325 1068 1451 1132 domini

184 1179 242 1220 ¹²⁵⁰·
348 1178 504 1238 .m⁰.cc⁰.
529 1172 814 1256 quinquagesimo,
840 1185 990 1257 tempore
1017 1175 1135 1238 Prioris
1159 1173 1344 1255 Laurencij.

421 1391 471 1454 68.
517 1390 655 1454 Domini
680 1391 833 1474 Golfn’di
852 1391 891 1454 dc
911 1392 1033 1456 Baucis
1057 1391 1159 1458 Carta
1180 1393 1220 1455 de
1240 1391 1384 1474 deposito.

186 1558 257 1640 mr
404 1541 544 1596 Omnibus
567 1541 671 1596 Christi
693 1541 823 1596 fidelibus
844 1542 882 1596 ad
903 1559 974 1613 quos
995 1559 1110 1613 presens
1132 1542 1266 1612 scriptum
1287 1539 1454 1612 peruenerit.

185 1649 312 1691 Mum
352 1629 522 1683 Laurencius
548 1629 627 1683 Prior
645 1639 673 1683 et
696 1631 861 1683 Conuentus
878 1629 914 1683 de
937 1630 1106 1684 Bernewelle
1128 1630 1247 1683 salutem
1269 1630 1297 1682 in
1321 1628 1454 1682 Domino.

186 1698 336 1792 ffiffflm'
353 1716 471 1771 Nouerit
488 1716 655 1770 vniuersitas
674 1711 768 1770 uestra
784 1734 837 1770 nos
854 1717 993 1788 recepisse
1009 1734 1060 1786 per
1076 1734 1178 1772 manus
1194 1715 1301 1771 domini
1318 1715 1402 1771 Alani
1419 1715 1455 1769 de

187 1800 301 1892 2223·
352 1805 441 1871 Turri,
454 1815 482 1859 et
500 1804 617 1859 aliorum
634 1816 814 1859 executorum
830 1804 937 1859 domini
952 1804 1070 1860 Galfridi
1087 1806 1123 1859 de
1137 1806 1249 1872 Baucis,
1262 1805 1298 1859 de
1315 1819 1454 1858 consensu

187 1900 282 1942 notula
350 1901 378 1946 et
398 1909 514 1947 assensu
535 1891 627 1946 fratris
647 1890 765 1946 Gilberti
787 1892 823 1945 de
844 1892 1040 1961 Massingham
1059 1893 1094 1946 de
1113 1891 1211 1947 ordine
1229 1891 1346 1946 fratrum
1364 1890 1455 1961 predi-

187 1957 328 2053 ffq'de'mm
351 1989 485 2046 catorum,
508 1980 606 2034 decem
627 1990 656 2034 et
677 1989 742 2033 octo
763 1997 874 2035 marcas
896 1981 1013 2050 argenti,
1032 1981 1130 2050 viginti
1152 1992 1181 2036 et
1202 1981 1312 2036 duobus
1332 1980 1455 2035 denariis

188 2051 321 2144 ἓξξᾞζ,
351 2067 453 2132 minus,
461 2065 498 2120 ad
508 2065 639 2120 auxilium
653 2077 725 2120 terre
738 2063 860 2137 [sancte]
870 2067 1027 2134 deputatas,
1036 2084 1106 2138 quas
1115 2068 1249 2137 predictis
1261 2066 1455 2121 executoribus

188 2151 339 2254 {gfffilgfy
352 2156 460 2209 soluere
472 2165 600 2208 tenemur
612 2153 656 2209 uel
669 2171 766 2209 eorum
782 2155 941 2225 assignatis,
954 2157 991 2209 ad
1008 2157 1129 2225 primum
1145 2157 1276 2224 generale
1293 2155 1455 2226 passagium

190 2251 270 2294 Lanu.
352 2258 449 2296 uersus
466 2252 568 2296 terram
587 2251 715 2296 sanctam
732 2243 793 2295 sine
808 2243 954 2310 dilacione,
968 2243 1159 2309 cauillacione,
1172 2259 1221 2297 seu
1234 2243 1456 2298 contradictione

353 2329 455 2400 aliqua,
464 2329 531 2383 dum
542 2341 635 2384 tamen
647 2347 730 2400 super
739 2330 883 2385 solucione
892 2329 1023 2386 facienda
1032 2348 1083 2401 per
1090 2347 1176 2385 vnum
1186 2347 1313 2385 mensem
1322 2330 1456 2385 fuerimus

189 2422 207 2473 f.
221 2437 250 2488 55
352 2417 510 2489 premuniti.
551 2420 587 2472 Et
605 2418 757 2473 subicimus
774 2436 827 2473 nos
842 2419 1030 2487 jurisdictioni
1047 2420 1178 2487 Elyensis
1191 2418 1326 2488 Episcopi
1339 2419 1384 2474 vel
1395 2419 1455 2474 eius

347 2505 560 2582 'Archidiaconl
582 2517 612 2560 vt
636 2523 732 2561 eorum
757 2510 828 2562 alter
852 2526 904 2563 nos
929 2525 979 2579 per
1003 2525 1152 2563 censuram
1176 2508 1398 2563 ecclesiasticam
1419 2508 1456 2562 ad

352 2594 524 2650 solucionem
539 2592 645 2662 pretate
657 2596 775 2664 pecunie
787 2595 826 2650 ad
838 2596 959 2665 primum
973 2596 1103 2664 generale
1116 2596 1278 2666 passagium
1288 2595 1456 2662 laciendum,

352 2682 450 2737 habita
462 2697 545 2750 super
554 2681 608 2734 hoc
622 2683 834 2750 premunicione
846 2699 896 2753 per
907 2699 994 2736 vnum
1007 2699 1143 2750 mensem,
1153 2683 1224 2736 sicut
1237 2683 1392 2752 predictum
1406 2695 1456 2750 est,

353 2773 413 2826 sine
425 2771 502 2827 omni
516 2771 632 2840 strepitu
645 2771 769 2839 judiciali
783 2771 952 2841 compellere
964 2771 1061 2841 possit,
1078 2772 1274 2827 renunciantes
1291 2772 1385 2842 quoad
1402 2771 1457 2826 hoc

353 2861 430 2915 omni
447 2859 516 2929 juris
533 2859 657 2914 remedio
674 2870 732 2914 tam
751 2860 935 2914 ecclesiastici
952 2877 1037 2930 quarn
1055 2859 1145 2914 ciuilis
1162 2871 1189 2915 et
1206 2861 1337 2914 omnibus
1354 2877 1408 2931 que
1420 2861 1458 2913 ad

353 2947 556 3016 subterfugium
577 2949 622 3002 uel
644 2949 813 3002 dilacionem
833 2949 916 3003 nobis
937 2959 1097 3019 competere
1116 2960 1232 3020 possent
1251 2950 1297 3004 uel
1314 2951 1457 3020 prodesse.

355 3037 391 3089 Et
405 3035 433 3088 in
446 3033 528 3089 huius
541 3035 580 3088 rei
593 3036 784 3090 testimonium
798 3036 920 3104 presenti
933 3036 1038 3106 scripto
1051 3037 1173 3106 sigillum
1186 3048 1238 3091 etc
1269 3039 1373 3092 Actum
1382 3037 1458 3107 apud

355 3123 525 3177 Bemewelle
538 3139 613 3176 anno
626 3123 732 3176 domini
746 3132 801 3176 m0.
811 3132 870 3178 cc⁰.
884 3125 1126 3196 quinquagesimo.

193 3293 261 3334 ΜΟ,
421 3257 556 3320 Mortuo
571 3259 710 3322 domino
730 3257 842 3321 Alano
862 3261 904 3323 de
920 3259 1017 3323 Turri
1037 3260 1193 3323 dominus
1209 3259 1397 3324 Willelmus
1417 3260 1459 3323 de

191 3345 285 3446 322?
355 3363 492 3445 Subyri¹
519 3364 589 3426 eius
615 3374 785 3440 executor,
813 3376 847 3428 et
874 3366 1032 3446 magister
1058 3363 1227 3429 Galfridus
1254 3365 1296 3428 de
1324 3365 1459 3428 Mortuo

191 3443 305 3486 wlththe
435 3469 441 3482 ·
529 3469 535 3481 ·
780 3471 786 3482 .
1073 3471 1079 3483 .
1242 3470 1250 3482 .

192 3495 320 3546 nurvrvrng
357 3469 442 3532 Mari
464 3479 635 3550 pecierunt
655 3491 676 3532 a
696 3469 834 3532 dommo
856 3469 1006 3553 Symone
1028 3470 1139 3533 Priore
1159 3471 1324 3552 predictas
1339 3519 1346 3532 .
1359 3490 1458 3550 xvnj.

192 3550 321 3587 executor!

192 3595 328 3696 megene
356 3594 484 3636 marcas
507 3593 617 3637 coram
643 3576 803 3655 magistro
828 3575 973 3639 Ricardo
997 3575 1206 3640 Crocheman
1229 3585 1309 3639 tunc
1331 3575 1459 3638 domini

192 3695 281 3788 pprtpern
357 3677 593 3741 Archidiaconi
618 3677 760 3741 Eliensis
784 3679 924 3743 officiali.
971 3681 1016 3742 Et
1045 3681 1137 3743 Prior
1163 3681 1290 3762 Symon
1318 3682 1361 3744 de
1382 3702 1459 3743 con-

193 3808 275 3848 γεω.
357 3803 455 3845 sensu
471 3783 521 3846 sui
539 3784 732 3848 Conuentus
750 3785 923 3849 innouauit
938 3796 1064 3849 cartam
1087 3785 1178 3848 illam
1200 3787 1242 3849 ad
1261 3785 1459 3849 soluendum

357 3887 540 3969 predictam
563 3890 736 3971 pecuniam
760 3890 844 3953 insra
865 3892 1043 3955 triennium
1065 3892 1135 3955 siue
1155 3890 1253 3954 suerit
1268 3892 1459 3973 passagium

194 3999 325 4142 {ffihm
356 3992 510 4073 generale
526 3993 558 4055 in
575 4002 697 4057 terram
714 4005 864 4057 sanctam
880 3996 951 4058 siue
972 4016 1048 4059 non.
1096 3996 1140 4059 Et
1161 3995 1299 4076 expleto
1319 3995 1461 4057 triennio

193 4099 303 4203 eglpgd,
357 4097 525 4179 predictus
542 4099 700 4180 magister
717 4098 886 4162 Galfridus
902 4102 945 4163 de
962 4100 1098 4164 Mortuo
1115 4099 1200 4162 Mari
1221 4100 1298 4163 lecit
1316 4099 1460 4163 Priorem

406 4256 414 4288 ¹
432 4258 544 4308 William
560 4259 592 4309 de
609 4259 699 4310 Subur’
711 4260 732 4308 is
747 4261 891 4310 mentioued
906 4261 933 4311 in
948 4262 990 4312 the
1003 4261 1127 4313 Hundred
1140 4261 1220 4319 Rolls‚
1232 4262 1258 4310 ii.
1270 4259 1328 4326 679,
1340 4277 1367 4311 as
1378 4277 1463 4312 owner

356 4337 385 4388 oi
402 4339 462 4389 land
482 4341 507 4388 in
528 4341 706 4406 Hemingford,
726 4343 826 4399 Hunts;
851 4345 902 4392 and
921 4346 948 4392 in
967 4345 1010 4394 the
1030 4344 1089 4407 Quo
1108 4345 1229 4394 Waranto
1248 4344 1327 4403 Rolls‚
1347 4361 1371 4409 p.
1392 4365 1415 4406 4,
1435 4361 1463 4395 as

356 4422 470 4488 deriving
481 4423 520 4472 his
531 4439 604 4474 name
616 4423 679 4474 from
691 4440 706 4474 a
717 4441 805 4475 manor
816 4426 842 4475 in
854 4427 908 4476 that
920 4435 1021 4491 county.
