3234 5059
169 369 232 474 111]
241 374 371 448 House
389 377 429 446 in
451 373 669 472 Cambridge
687 374 736 448 let
754 383 790 447 to
810 373 928 446 Peter
943 371 1191 470 Scherewynd
1206 394 1274 466 159

524 628 574 690 82.
618 624 671 688 De
681 626 798 706 J‘orma
812 625 913 708 paces.

235 783 281 846 Et
297 782 359 845 hac
378 783 554 846 occasione
572 791 643 846 erat
666 784 758 846 Prior
778 783 877 848 ualde
897 793 1086 847 commotus
1100 803 1180 866 erga
1194 833 1201 846 .
1213 781 1274 864 xij.
1289 788 1381 880 ἓξὲξ·

165 885 331 968 juratores
361 895 395 949 et
426 887 517 950 misit
548 889 726 950 canonicos
757 907 835 949 suos
865 889 907 950 ad
945 886 1195 968 Cantebrigiam
1231 886 1273 949 ad
1288 887 1437 981 mand

169 988 415 1070 procurandum
434 989 516 1072 legis
532 988 685 1053 homines
701 989 744 1052 ad
766 987 954 1052 faciendam
978 989 1154 1052 attinctam
1176 1009 1275 1070 super
1288 994 1431 1081 333⁰*

168 1091 250 1154 ‚xii
268 1092 311 1155 de
327 1092 410 1155 salso
427 1103 645 1168 sacrament0,
658 1095 737 1176 quia
753 1095 915 1171 videlicet,
931 1093 1008 1157 licet
1025 1103 1119 1177 pater
1134 1093 1274 1176 sumpti·
1288 1089 1400 1190 qffl‘}

169 1195 231 1258 bus
250 1198 318 1259 suis
340 1199 477 1260 domum
498 1200 710 1280 reparauerit,
723 1197 810 1260 filius
830 1207 944 1262 tamen
965 1198 1092 1262 scilicet
1108 1198 1274 1280 predictus
1288 1191 1305 1242 s·
1321 1207 1352 1256 59

172 1297 366 1381 H[enrieus]
393 1311 464 1363 erat
494 1301 650 1364 dominus
681 1301 800 1364 domus
832 1311 865 1364 et
896 1310 1012 1365 auctor
1041 1301 1213 1363 disseisine
1241 1308 1274 1364 et

169 1403 306 1466 domum
325 1413 475 1484 tempore
491 1403 664 1468 disseisine
680 1404 880 1468 inhabitauit
895 1414 1056 1486 tanquam
1073 1404 1237 1468 dominus.

237 1507 313 1570 Hoc
340 1506 515 1571 audientes
538 1508 623 1590 .xij.
651 1510 834 1572 timuerunt
861 1508 968 1586 ualde,
991 1507 1079 1571 vnde
1105 1508 1275 1591 predictus

172 1613 337 1676 Henricus
365 1613 503 1694 Tuyllet
529 1613 651 1678 timens
678 1613 740 1677 sibi
767 1613 953 1694 dampnum
981 1613 1155 1675 imminere
1183 1612 1275 1675 uenit

170 1739 245 1781 cum
267 1716 410 1780 lacrimis
426 1719 469 1781 ad
493 1719 647 1794 Priorem,
664 1729 697 1782 et
718 1717 945 1801 genuflectens
968 1717 1105 1800 petebat
1127 1716 1274 1799 graciam

169 1823 249 1898 eius,
274 1831 307 1884 et
335 1821 491 1883 dominus
516 1821 716 1884 Lambertus
740 1822 878 1884 clericus
898 1821 1156 1904 justiciariorum
1182 1818 1275 1882 uenit

169 1947 243 1990 cum
261 1947 310 2002 eo,
326 1935 360 1988 ct
376 1925 520 1988 multum
533 1927 641 1989 orauit
657 1947 717 2008 pro
734 1946 782 1988 eo.

235 2030 332 2093 Tunc
357 2030 450 2092 Prior
472 2030 515 2093 ad
539 2050 652 2112 preces
675 2029 802 2093 domini
828 2028 999 2093 Lamberti
1020 2027 1224 2092 condonauit
1244 2027 1275 2091 ei

171 2131 388 2196 medietatem
405 2133 655 2214 arreragiorum,
672 2142 705 2195 et
721 2131 821 2194 aliam
840 2132 1055 2195 medietatem
1076 2130 1183 2194 soluit.
1230 2131 1276 2193 Et

170 2237 291 2300 iurauit
312 2235 399 2298 idem
427 2235 593 2300 Henricus
614 2236 713 2298 tactis
738 2234 922 2317 euangeliis
943 2234 1031 2317 quod
1054 2233 1136 2296 citra
1153 2231 1274 2296 festum

170 2339 390 2403 exaltacionis
411 2350 526 2403 sancte
546 2339 651 2402 crucis
676 2337 844 2420 frangeret
865 2338 1035 2420 parietem,
1051 2346 1085 2400 et
1101 2337 1134 2398 in
1155 2336 1273 2399 eodem

170 2445 243 2508 loco
262 2465 329 2527 quo
350 2445 440 2525 prius
462 2443 583 2507 faceret
602 2443 747 2505 hostium
772 2463 831 2524 per
853 2443 943 2525 quod
965 2442 1057 2504 Prior
1077 2450 1190 2523 posset
1208 2440 1275 2503 dis-

169 2549 313 2632 tringere
328 2547 464 2613 feodum
488 2568 584 2610 suum
606 2546 875 2629 quandocunque
895 2543 1037 2608 uoluerit
1057 2564 1118 2626 pro
1141 2542 1273 2606 redditu

169 2655 226 2736 qui
250 2675 269 2716 a
293 2663 380 2716 retro
403 2653 508 2716 suerit.

323 2887 371 2964 83.
417 2883 584 2948 Placitum
607 2883 645 2946 de
667 2883 759 2946 domo
780 2883 879 2946 Petri
900 2881 1121 2963 Scherewynd.

236 3039 352 3101 Petrus
391 3036 596 3118 Scherwynd
635 3036 742 3098 tenuit
781 3036 952 3117 quoddam
993 3036 1201 3118 mesuagium
1240 3037 1274 3099 in
1288 3034 1438 3128 §emm

170 3141 384 3224 Cantebrigia
414 3140 510 3203 iuxta
539 3140 713 3204 ecclesiam
742 3140 857 3204 Sancti
891 3141 1072 3214 Benedicti,
1104 3141 1275 3204 reddendo
1287 3135 1401 3227 ffl'i'n
1473 3182 1479 3194 ·

169 3245 247 3308 inde
273 3265 472 3326 perannum
491 3245 594 3308 Priori
610 3245 653 3308 de
670 3245 872 3308 Bernewelle
888 3245 994 3308 .xviii.
1011 3243 1136 3308 solidos
1152 3255 1186 3309 et
1201 3246 1273 3309 .iiii.
1287 3234 1439 3328 ξῗζῗξξζξ,

169 3348 332 3424 denarios
356 3358 390 3411 et
406 3347 578 3431 quoddam
599 3348 841 3411 columbarium
858 3348 955 3411 iuxta
975 3349 1084 3412 Dame
1107 3349 1273 3413 Niehole's
1287 3337 1409 3436 {ffi'g

172 3452 298 3516 Hethe¹
314 3472 375 3534 pro
391 3473 458 3536 quo
475 3452 585 3515 reddit
600 3451 709 3515 eidem
728 3451 829 3514 Priori
850 3470 909 3532 per
929 3470 1054 3512 annum
1073 3451 1124 3513 iii.
1141 3450 1274 3515 solidos,
1287 3439 1416 3530 ‘drigffit

170 3557 257 3621 Illud
284 3577 363 3619 uero
386 3555 629 3620 columbarium
654 3556 719 3619 ruit
745 3554 895 3618 totaliter
921 3576 981 3637 per
998 3557 1168 3638 quoddam
1189 3537 1438 3640 dilu·¹,¹2¹'y{2¹‡2;¹⁰‘

169 3663 270 3739 uium,
286 3672 320 3725 et
343 3681 410 3724 non
432 3660 538 3724 multo
559 3670 636 3743 post
655 3661 841 3743 predictum
864 3660 1072 3742 mesuagium
1097 3661 1174 3742 igne
1197 3681 1274 3723 con·
1287 3640 1410 3731 ξιῗέἓξζζ

168 3775 340 3849 sumptum
354 3773 414 3840 cst,
426 3773 460 3827 et
470 3783 594 3846 magna
607 3784 684 3846 pars
696 3763 774 3826 uilie
787 3762 820 3825 in
832 3762 979 3837 circuitu,
990 3771 1023 3825 et
1035 3764 1140 3826 eciam
1152 3783 1275 3845 magna
1287 3739 1414 3832 &iiiiii

170 3891 247 3952 pars
280 3867 418 3933 ecclesie
449 3866 598 3950 predicte
628 3868 735 3930 sancti
767 3866 949 3942 Benedicti,
980 3868 1094 3949 sicque
1129 3867 1274 3950 perdidit
1287 3839 1391 3933 {iiiim-

1287 3941 1387 4002 wynd'n

1287 4003 1321 4032 wi

170 3976 263 4039 Prior
283 3973 451 4038 redditum
472 3992 569 4036 suum
589 3993 648 4054 per
663 3973 728 4035 ,xii
746 3991 861 4048 annos,
876 3981 910 4034 et
931 3973 1084 4054 amplius,
1105 3993 1209 4055 usque
1231 3972 1272 4036 ad
1321 3992 1387 4032 uow.

169 4077 417 4142 itineracionem
448 4075 714 4157 justiciariorum.
775 4076 856 4139 Post
892 4085 1034 4138 mortem
1072 4096 1152 4138 uero
1187 4075 1274 4140 Petri

169 4180 329 4245 successit
353 4179 381 4242 ei
399 4177 571 4241 filiuseius
588 4177 741 4253 etheree,
757 4177 815 4259 qui
835 4177 928 4240 dedit
949 4178 1047 4240 matri
1070 4198 1129 4240 sue
1153 4178 1276 4242 Cecilie

216 4351 225 4382 ¹
244 4351 269 4400 Α
286 4351 367 4400 whari
381 4367 410 4400 or
426 4351 530 4414 landing
546 4350 626 4414 place,
646 4348 726 4400 called
743 4349 797 4398 also
815 4347 971 4411 Comhythe‚
988 4347 1096 4397 situated
1112 4354 1139 4396 at
1156 4347 1199 4397 the
1215 4355 1276 4399 west

168 4434 218 4485 end
230 4433 259 4482 of
267 4433 310 4482 the
321 4435 418 4497 ground
432 4449 487 4483 now
499 4433 550 4482 laid
562 4443 606 4481 out
617 4447 644 4482 as
656 4431 698 4482 the
710 4429 909 4496 bowling-green
921 4429 950 4480 oi
958 4430 1056 4494 Trinity
1067 4429 1178 4494 College.
