3234 5059
161 372 233 474 vu]
513 375 551 448 T
545 387 676 451 enanis
701 378 742 451 in
767 376 970 450 Barnwell
1195 397 1261 469 3²1

229 562 325 627 Idem
349 562 534 627 Nicholaus
556 572 650 628 tenet
669 583 770 628 vnam
793 562 969 627 dimidiam
994 582 1105 626 acram
1128 571 1214 626 terre
1235 560 1268 623 In

162 665 331 732 Meldiche
356 676 391 731 et
417 666 526 732 reddit
549 688 608 750 per
633 688 758 732 annum
784 668 833 752 .vj.
861 668 1015 732 denarios
1039 666 1154 751 [quam
1181 684 1269 729 nunc

162 781 255 836 tenet
278 771 452 837 Galsridus
468 771 601 855 Dallis].

228 875 332 958 Hugo
362 876 405 939 de
433 875 601 940 Neidham
629 886 722 941 tenet
747 896 850 941 vnam
877 876 1027 959 placeam
1059 894 1209 949 vacuam,
1234 882 1268 937 et

161 979 269 1043 reddit
292 998 497 1062 perannum
520 979 595 1063 .viij.
619 980 793 1059 denarios3
821 980 937 1063 [quam
961 999 1049 1044 nunc
1072 988 1165 1043 tenet
1187 998 1269 1042 vxor

159 1081 332 1165 eiusdem}

226 1186 431 1251 Laurencius
448 1187 531 1251 Dixi
547 1197 640 1275 tenet
655 1209 757 1252 vnum
775 1188 983 1271 mesuagium
1003 1187 1047 1251 ad
1065 1186 1174 1269 capud
1190 1184 1268 1250 ville

159 1292 250 1372 quod
267 1290 329 1355 suit
344 1291 485 1356 Galsridi
503 1291 644 1375 Aylene‚
659 1302 693 1356 et
712 1291 823 1356 reddit
838 1312 897 1375 per
912 1311 1037 1356 annum
1055 1312 1096 1353 .x.
1112 1290 1266 1353 denarios

160 1392 264 1477 [quod
282 1415 370 1459 nunc
386 1406 479 1460 tenet
493 1396 664 1477 Johannes
680 1395 779 1460 Vessi
795 1397 838 1460 de
854 1394 1093 1479 cantebrigia}

111 1524 116 1533 ·
144 1571 148 1575 Α
202 1497 322 1561 -Idem
355 1498 559 1563 Laurencius
589 1508 681 1564 tenet
708 1519 810 1563 vnum
839 1500 1048 1582 mesuagium
1076 1499 1172 1562 iuxta
1198 1518 1266 1561 me-

159 1603 312 1685 suagium
341 1604 471 1667 Nicolai
494 1604 538 1668 de
562 1604 748 1668 infirmaria
770 1615 804 1669 et
827 1605 937 1670 reddit
963 1625 1022 1687 per
1047 1622 1172 1667 annum
1199 1601 1266 1684 .xij.

159 1706 321 1771 denarIos.

226 1809 395 1875 Galsridus
425 1810 512 1875 filius
542 1813 673 1876 Yuonis
703 1814 774 1878 coci
805 1822 897 1878 tenet
927 1832 1030 1878 vnum
1058 1812 1268 1895 mesuagium

159 1915 250 1998 quod
267 1915 329 1979 suit
344 1915 476 1978 Yuonis
492 1916 596 1999 patris
611 1918 661 1980 sui
677 1927 710 1981 et
727 1916 838 1982 reddit
853 1917 893 1999 .ij.
910 1917 1043 1993 solidos,
1057 1916 1096 1998 .ij.
1113 1935 1266 1998 capones,

158 2018 199 2101 ij.
215 2020 387 2102 precarias.

225 2123 394 2187 Walterus
424 2125 467 2188 de
496 2126 659 2190 Borwelle
688 2134 781 2190 tenet
807 2145 909 2189 vnum
939 2124 1146 2207 mesuagium
1174 2123 1264 2206 quod

158 2229 329 2310 quondam
361 2227 423 2292 suit
460 2230 597 2294 Henrici
629 2229 713 2294 fabri
742 2240 776 2294 et
807 2231 917 2294 reddit
947 2250 1006 2313 per
1035 2248 1160 2292 annum
1191 2226 1266 2310 .viij.

158 2331 313 2395 denarios
337 2330 442 2415 [quod
468 2352 556 2397 nunc
580 2343 673 2398 tenet
696 2333 867 2416 Johannes
888 2335 932 2397 de
955 2330 1125 2415 Costone].

223 2434 395 2517 Johannes
415 2438 459 2500 de
474 2436 621 2501 Costone
639 2446 732 2501 tenet
748 2457 850 2500 vnum
873 2437 1080 2518 mesuagium
1097 2435 1187 2519 quod
1204 2434 1265 2498 suit

160 2537 301 2603 Galsridi
327 2541 371 2603 de
398 2539 561 2605 Borwelle
586 2550 620 2604 et
647 2542 757 2605 reddit
783 2540 848 2622 diij.
876 2540 1010 2614 solidos,
1037 2538 1076 2621 .ij.
1103 2540 1266 2615 denarios,

157 2643 199 2725 .ij.
214 2664 368 2726 capones,
384 2644 448 2727 diij.
465 2646 636 2727 precarias.

224 2747 374 2812 Thomas
396 2747 563 2831 Stebbing
584 2760 676 2814 tenet
694 2770 796 2813 vnum
819 2748 1026 2831 mesuagium
1048 2747 1139 2830 quod
1160 2765 1265 2831 quon·

158 2850 237 2914 dam
254 2851 316 2915 fuit
334 2851 473 2915 Roberti
489 2852 570 2916 Coei
586 2862 620 2916 et
636 2852 745 2916 reddit
761 2872 821 2935 per
835 2872 961 2915 annum
977 2851 1030 2933 .iij.
1046 2850 1178 2914 solidos.

226 2955 331 3039 Hugo
352 2955 444 3021 saber
466 2967 558 3021 tenet
578 2977 680 3020 vnum
705 2958 913 3039 mesuagium
938 2958 1034 3020 iuxta
1057 2955 1265 3037 mesuagium

158 3059 239 3125 dicti
263 3060 395 3124 Thome
418 3060 594 3143 Stebbing,
609 3071 643 3125 et
666 3060 776 3125 reddit
792 3082 851 3144 per
871 3081 996 3124 annum
1019 3058 1083 3142 .vij.
1104 3060 1264 3123 denarios,

225 3158 321 3222 Idem
355 3159 459 3241 Hugo
485 3168 577 3224 tenet
604 3181 706 3223 vnum
738 3160 946 3243 mesuagium
976 3161 1066 3244 quod
1094 3159 1264 3243 quondam

159 3259 221 3323 suit
235 3259 398 3343 Johannis
412 3262 456 3325 de
472 3260 584 3338 Thoft,
600 3271 633 3326 et
650 3261 760 3325 reddit
776 3280 975 3344 perannum
992 3282 1029 3324 .v.
1045 3259 1179 3324 solidos.

225 3364 321 3428 Idem
334 3365 452 3448 Hug0²
464 3375 557 3429 tenet
572 3387 672 3430 vnam
689 3386 799 3430 acram
817 3377 902 3430 terre
914 3384 1029 3430 uersus
1042 3363 1265 3446 Steresbrege,

157 3476 193 3531 et
212 3466 322 3531 reddit
343 3488 402 3551 per
421 3488 546 3532 annum
565 3490 633 3533 arx.
654 3470 807 3534 denari0s
824 3468 864 3551 .ij.
880 3489 1025 3552 capones
1040 3467 1157 3551 [modo
1172 3476 1265 3531 tenet

160 3570 348 3635 Willelmus
365 3570 479 3654 Roger
494 3592 584 3635 anno
599 3573 727 3636 domini
748 3573 852 3657 1461]

225 3673 321 3739 Idem
337 3674 441 3756 Hugo
457 3683 551 3739 tenet
566 3696 666 3740 vnam
682 3676 856 3741 dimidiam
873 3696 984 3740 acram
1000 3686 1086 3741 terre
1102 3677 1265 3741 iacentem

158 3777 192 3840 in
209 3777 357 3843 Meldich
373 3788 407 3843 et
424 3779 533 3844 reddit
549 3800 748 3864 perannum
765 3782 816 3864 .vj.
833 3781 994 3845 denarios,

224 3883 387 3948 Ricardus
426 3885 535 3949 Linke
570 3896 662 3950 tenet
697 3907 799 3951 vnum
838 3887 1046 3969 mesuagium
1081 3886 1171 3970 quod
1204 3885 1266 3950 suit

159 3986 310 4053 Siluestri
327 3988 437 4053 Linke
457 3997 490 4053 et
509 3988 619 4053 reddit
634 4010 693 4072 per
708 4009 834 4053 annum
852 3988 892 4072 .ij.
908 3989 1033 4053 solidos
1050 3988 1153 4073 [quod
1176 4008 1265 4054 nunc

156 4101 250 4157 tenet
265 4091 353 4157 filius
367 4092 449 4155 dicti
467 4091 626 4175 RicardI].

224 4196 417 4279 Stephanus
442 4197 486 4261 de
513 4196 671 4261 Pinecote
697 4206 790 4263 tenet
813 4218 916 4263 vnum
942 4196 1149 4280 mesuagium
1175 4198 1264 4279 quod

157 4298 220 4364 suit
235 4299 314 4364 Ade
330 4298 456 4377 Oliuer,
471 4310 506 4365 et
522 4302 632 4366 reddit
647 4322 847 4385 perannum
864 4301 905 4385 .ij.
922 4302 1055 4366 solidos.

208 4430 217 4463 ¹
235 4432 304 4484 Orer
315 4434 395 4499 Hugo
406 4434 427 4483 is
439 4434 537 4485 written
549 4435 576 4485 in
587 4452 602 4485 a
613 4435 681 4485 hand
693 4434 723 4485 oi
731 4434 774 4485 the
787 4435 846 4497 15th
857 4442 974 4499 centum
987 4434 1129 4483 Wiilelmus
1141 4434 1233 4498 Roget.

238 4560 265 4603 C.
1147 4562 1181 4601 21
