3234 5059
174 360 230 459 vr]
365 363 517 437 Release
544 372 579 437 to
607 360 750 461 Corpus
777 361 929 438 Christi
954 361 1094 460 College
1209 366 1275 437 281

224 547 261 602 At
279 546 328 602 the
347 546 403 602 end
421 546 452 602 os
467 547 523 602 this
541 546 617 601 book
635 546 684 602 the
702 546 847 616 following
863 547 936 603 deed
953 547 977 603 is
996 548 1112 604 entered
1129 548 1159 603 in
1176 565 1194 603 a
1210 548 1282 603 later

173 636 251 692 hand
264 656 271 691 :

228 740 371 799 Omnibus
390 740 494 798 Christi
514 741 645 797 fidelibus
666 741 704 797 ad
726 758 798 813 quos
819 758 936 813 presens
958 742 1094 813 scriptum
1115 741 1282 812 peruenerit
1298 754 1445 807 annmen.

174 830 319 901 Johannes
332 830 409 901 prior
421 831 512 887 sancti
528 830 623 901 Egidij
639 830 676 887 de
694 831 849 887 Bemewell
865 840 895 887 et
910 830 1038 887 eiusdem
1050 830 1106 885 loci
1120 831 1284 885 Conuentus

175 919 295 975 salutem
308 918 336 974 in
350 919 467 975 domino
480 918 689 989 sempiternam.

229 1008 256 1061 N
258 1007 374 1063 oueritis
386 1025 439 1064 nos
451 1008 593 1063 remisisse
602 1010 744 1065 relaxasse
757 1018 784 1063 et
797 1009 915 1064 omnino
924 1026 976 1079 pro
985 1009 1069 1063 nobis
1077 1017 1107 1063 et
1116 1006 1284 1062 successori·

174 1097 227 1150 bus
240 1096 344 1150 nostn's
356 1096 564 1167 imperpetuum
576 1097 703 1166 quietum
716 1097 855 1151 clamasse
866 1095 990 1166 Johanni
1006 1093 1135 1164 Botright
1147 1092 1284 1163 magistro

175 1182 276 1239 domus
290 1183 422 1255 Corporis
439 1184 523 1240 lhesu
544 1184 647 1240 Christi
666 1194 693 1239 et
707 1185 795 1241 Beate
810 1185 903 1241 Marie
915 1184 1040 1254 Virginis
1052 1184 1088 1238 de
1102 1182 1284 1252 Cantebrigia

175 1282 201 1327 et
227 1272 381 1327 scolaribus
402 1272 530 1329 eiusdem
550 1272 652 1328 domus
673 1280 818 1328 eteorum
842 1273 1053 1328 successoribus
1077 1272 1282 1342 imperpetuum

174 1369 265 1415 totum
279 1359 322 1415 ius
334 1370 463 1415 nostrum
479 1370 508 1415 et
521 1360 588 1416 iuris
601 1362 741 1416 clameum
754 1360 831 1431 quod
845 1377 970 1431 unquam
982 1360 1121 1415 habemus
1133 1360 1284 1413 habuimus

175 1463 225 1503 seu
237 1447 426 1518 quouismodo
442 1448 548 1503 habere
564 1448 720 1517 poterimus
737 1447 766 1501 in
783 1446 908 1503 futurum
921 1449 957 1503 de
968 1457 997 1502 et
1009 1446 1039 1501 in
1051 1447 1176 1517 quodam
1189 1461 1284 1499 annuo

175 1535 286 1591 redditu
311 1545 432 1606 quatuor
455 1553 614 1591 marcarum
639 1535 787 1591 annuatim
811 1535 1057 1607 percipiendarum
1088 1536 1124 1590 de
1147 1544 1176 1590 et
1200 1550 1285 1605 super

176 1624 308 1679 omnibus
331 1634 360 1679 et
385 1623 556 1679 omnimodis
580 1624 661 1679 terris
686 1634 714 1679 et
737 1623 909 1679 tenementis
933 1622 1087 1679 eorundem
1108 1621 1237 1692 magistri
1255 1630 1284 1676 et

178 1711 329 1767 scolarium
351 1711 425 1766 inira
448 1712 546 1767 uillam
571 1712 783 1782 Cantebrigiam
802 1712 886 1767 simul
904 1728 970 1768 cum
988 1710 1119 1766 omnibus
1136 1708 1285 1779 arreragiis

175 1800 304 1856 eiusdem
329 1800 353 1855 si
378 1816 433 1871 que
463 1800 566 1856 luerint
590 1801 630 1855 ita
654 1800 731 1871 quod
759 1816 812 1856 nec
836 1817 889 1855 nos
919 1818 970 1857 seu
994 1814 1172 1855 successores
1195 1798 1284 1853 nostri

175 1885 291 1957 aliquod
309 1886 352 1941 ius
371 1886 484 1942 titulum
502 1886 569 1941 iuris
588 1887 730 1941 clameum
748 1902 798 1940 seu
817 1887 945 1942 debitum
956 1887 994 1942 de
1012 1896 1041 1941 et
1053 1884 1082 1939 in
1099 1884 1176 1940 dicto
1189 1902 1284 1941 annuo

176 1974 287 2031 redditu
311 1975 372 2030 siue
395 1974 544 2045 arreragiis
573 1973 702 2030 eiusdem
727 1973 764 2031 de
794 1984 889 2031 cetero
913 1975 1025 2046 exigere
1047 1973 1199 2030 uendicare
1223 1973 1284 2030 siue

176 2064 298 2118 clamare
316 2063 471 2133 poterimus
489 2061 518 2116 in
536 2061 660 2117 futurum
678 2061 729 2117 sed
746 2063 786 2116 ab
803 2062 882 2117 omni
900 2061 1017 2117 accione
1035 2060 1095 2116 iure
1116 2059 1198 2116 titulo
1216 2060 1284 2116 iuris

175 2151 285 2205 clameo
309 2150 370 2205 siue
395 2148 491 2205 debito
516 2148 584 2203 dicti
610 2148 736 2205 redditus
761 2148 865 2204 exclusi
891 2149 980 2203 simus
1003 2148 1211 2219 imperpetuum
1234 2166 1284 2220 per

174 2250 325 2309 presentes

231 2328 264 2381 ln
289 2326 368 2381 cuius
386 2326 426 2380 rei
444 2324 638 2380 testimonium
656 2323 779 2394 sigillum
791 2332 919 2379 nostrum
939 2340 1089 2379 commune
1106 2325 1283 2395 presentibus

175 2412 280 2485 apponi
299 2412 424 2468 fecimus.
462 2414 570 2467 Datum
589 2411 617 2467 in
638 2412 724 2467 domo
745 2422 844 2467 nostra
861 2411 1008 2482 capitulari
1028 2412 1092 2481 ‚xij⁰.
1112 2412 1159 2468 die
1176 2414 1283 2469 mensis

176 2500 300 2573 Januarij
322 2503 406 2556 Anno
428 2500 506 2569 regni
532 2501 620 2569 Regis
647 2500 764 2555 Henrici
784 2500 856 2556 sexti
880 2511 945 2570 post
970 2511 1156 2572 conquestum
1179 2503 1283 2572 Anglie

176 2588 308 2659 xxxviij.⁰
325 2588 371 2660 [η
390 2591 522 2659 January‚
545 2585 631 2659 1460]¹
