3234 5059
146 348 179 451 1]
318 350 420 424 How
444 349 547 424 Poin
571 348 732 423 Pcocrcl
752 348 946 423 ncccccdcd
966 347 1081 446 Pycot
1205 369 1248 439 41

147 544 341 611 conuentus,
363 537 453 601 diem
480 536 524 599 de
548 537 698 619 parendo
722 535 783 599 iuri
812 536 844 598 in
872 534 963 599 curia
989 534 1075 617 regis
1098 533 1160 597 sibi
1184 552 1257 615 pre·

147 640 254 704 fixum
286 640 445 723 fugiendo
475 644 635 724 preuenit„
689 640 793 706 Cuius
823 640 962 704 baronia
991 640 1035 703 de
1065 639 1134 702 iure
1165 636 1257 719 regni
1272 646 1289 698 l.
1307 645 1361 697 nb

149 744 229 809 fisco
248 745 397 821 cedente,
412 745 533 808 domus
553 744 611 808 illa
630 744 834 828 paupercula
857 742 945 807 lacta
968 754 1019 807 est
1041 740 1104 805 sub
1125 740 1258 805 tributo.

149 848 278 914 Omnes
301 850 406 913 eciam
430 851 528 913 amici
552 850 623 913 eius
644 860 842 932 spreuerunt
864 868 939 912 eam
962 857 997 911 et
1022 846 1099 911 lacti
1127 856 1206 910 sunt
1228 846 1259 910 ei

150 974 282 1017 rnrmrcr.

487 1118 515 1181 8.
561 1115 612 1180 Dc
633 1116 773 1200 Pagano
793 1116 935 1179 Peuerel.

217 1254 423 1318 Procedente
434 1275 514 1317 uero
530 1264 681 1338 tempore
696 1253 838 1318 contulit
851 1254 1006 1318 dominus
1019 1272 1079 1315 rex
1094 1250 1261 1315 Henricus
1276 1238 1425 1334 ffioel'fln

151 1359 324 1423 baroniam
341 1356 432 1421 illam
445 1358 578 1421 cuidam
592 1378 652 1421 suo
665 1357 819 1422 familiari
832 1358 957 1421 scilicet
970 1358 1107 1439 Pagano
1124 1353 1260 1419 Peuerel
1274 1341 1410 1433 '¹¹⁰⁹‘52id

151 1464 285 1546 egregio
301 1461 408 1540 militi,
423 1462 524 1525 armis
541 1462 670 1544 insigni,
682 1462 805 1526 milicia
822 1462 969 1545 pollenti,
983 1460 1107 1524 uiribus
1123 1460 1262 1542 potenti,
1275 1454 1390 1536 „ml

150 1578 186 1631 et
205 1587 305 1650 super
323 1587 441 1630 omnes
461 1567 554 1649 regni
578 1587 729 1648 proceres
753 1566 873 1631 bellico
895 1588 956 1631 usu
981 1564 1147 1629 laudabili.
1193 1563 1260 1647 Qui
1275 1542 1425 1636 mpur-

152 1680 264 1753 partes
280 1668 494 1752 Cantebrigie
510 1669 634 1746 adiens,
650 1680 684 1734 et
700 1670 791 1734 illam
811 1672 950 1734 domurn
966 1668 1151 1732 desolatam
1168 1677 1203 1731 et
1218 1666 1261 1731 ad
1274 1642 1404 1736 iiim

152 1774 312 1838 nichilum
334 1774 503 1837 redactam
525 1773 666 1850 intuens,
682 1774 747 1837 deo
769 1774 952 1857 inspirante
973 1782 1006 1836 et
1022 1772 1122 1837 beato
1138 1770 1262 1854 Egidio
1276 1745 1385 1788 canone.

152 1878 187 1941 id
213 1883 397 1961 operante¹,
423 1897 524 1960 super
545 1897 585 1941 ea
612 1877 803 1954 condolens,
828 1876 891 1961 [et]
914 1876 999 1941 infra
1023 1886 1128 1941 semet
1153 1878 1261 1959 ipsum

152 1982 351 2059 deliberans,
371 1984 509 2045 tandem
530 1984 681 2065 prorupit
702 1982 735 2045 in
755 2002 894 2046 uocem:
922 1981 1077 2063 Tn'ginta
1098 2000 1262 2044 annocum

142 2084 208 2167 fui
216 2086 373 2168 baptismo
384 2094 595 2168 regeneratus.
630 2084 786 2168 Triginta
797 2106 959 2149 annonem
970 2106 1023 2148 cro
1035 2085 1070 2148 in
1087 2083 1263 2147 nouissimo

152 2189 207 2253 dic
232 2189 479 2253 resuscitandus.
539 2189 694 2273 Triginta
718 2188 773 2252 hic
799 2189 992 2252 constituam
1019 2188 1184 2252 canonicos
1201 2199 1265 2270 per

152 2293 207 2357 dci
219 2294 371 2377 graccum
393 2315 444 2357 mc
462 2292 511 2356 ad
527 2304 671 2357 eternam
691 2294 797 2357 uitam
813 2294 1037 2376 producturos,
1052 2301 1084 2357 ct
1099 2294 1183 2357 sicut
1200 2292 1264 2356 loco

152 2397 279 2461 heredis
300 2398 435 2462 successi
459 2397 575 2479 Pycoto
597 2398 646 2461 ad
667 2398 875 2462 hereditatm
895 2400 1134 2481 possidendum,
1162 2400 1210 2462 ita
1234 2398 1266 2462 ci

152 2502 316 2565 succedam
345 2502 395 2566 ad
419 2503 551 2565 domum
580 2503 678 2566 ostam
705 2501 880 2566 ditandam
905 2514 937 2566 ct
960 2502 1152 2585 sufficienter
1178 2502 1263 2566 dua-

154 2606 300 2670 modom.

459 2784 488 2848 9
532 2765 587 2830 Dc
606 2766 669 2830 loco
690 2765 729 2831 dc
750 2765 955 2831 Borncwcllc.

223 2904 352 2970 Uidens
375 2913 489 2968 autem
512 2904 623 2967 locum
648 2903 704 2968 ubi
727 2902 848 2967 domus
870 2924 985 2968 eorum
1007 2904 1072 2968 sita
1098 2914 1170 2969 erat
1196 2926 1263 2969 non
1277 2909 1416 3002 {mm

156 3006 307 3072 sufficere
328 3008 370 3071 ad
393 3027 509 3071 omnes
530 3007 679 3071 officinas
699 3008 869 3072 canonicis
888 3008 955 3072 suis
977 3008 1188 3085 necessarias,
1203 3029 1263 3074 nec
1277 3020 1428 3103 {ffiffim

156 3114 262 3177 eciam
279 3133 401 3195 aquam
418 3114 531 3177 uiuam
547 3114 581 3177 in
597 3134 633 3177 se
645 3114 823 3190 continere,
835 3114 1027 3197 impetrauit
1043 3112 1098 3177 ille
1112 3115 1265 3198 egregius
1277 3110 1429 3202 lgefflgoe

158 3218 313 3300 Paganus
344 3216 479 3281 Peuerel
505 3238 527 3281 a
554 3238 630 3301 rege
658 3216 806 3282 Henrico
834 3218 944 3283 locum
971 3222 1140 3302 quendam
1167 3231 1265 3284 extra
1278 3209 1429 3312 ξξῖξζῖξ,

158 3322 306 3405 Burgum
338 3321 552 3403 Cantebrigie
582 3342 602 3385 a
632 3341 757 3403 magna
786 3323 900 3405 platea
930 3343 1035 3405 usque
1061 3324 1095 3387 in
1123 3325 1264 3388 riueram
1278 3310 1333 3355 'st‘

159 3426 373 3508 Cantebrigie
395 3446 431 3489 se
453 3426 704 3503 extendentem,
727 3436 762 3490 et
785 3428 967 3492 amenitate
990 3429 1072 3492 situs
1096 3429 1158 3493 loci
1184 3429 1265 3493 satis

158 3531 398 3596 delectabilem.
440 3530 542 3592 Porro
557 3530 600 3593 de
616 3530 704 3593 illius
720 3529 782 3594 loci
801 3532 911 3595 medio
928 3532 1078 3597 fonticuli
1095 3534 1176 3596 satis
1192 3533 1265 3616 puri
1279 3539 1408 3592 ththi·

159 3646 193 3699 et
223 3634 325 3699 vinidi
355 3634 569 3711 emanabant,
599 3633 743 3716 Anglice
774 3630 986 3711 Barnewelle,
1013 3635 1046 3699 id
1077 3646 1127 3700 est
1158 3590 1390 3700 sontesgffiff·

159 3759 347 3823 puerorum,
367 3758 408 3801 eo
430 3747 581 3821 tempore
604 3736 773 3819 appellati,
792 3758 833 3801 eo
855 3740 945 3820 quod
970 3740 1062 3822 pueri
1083 3749 1116 3803 et
1137 3738 1267 3803 adoles·
1282 3690 1414 3735 ΗΜΛ

160 3855 273 3908 centes
289 3844 391 3909 semel
408 3864 467 3926 per
482 3863 617 3917 annum,
630 3844 662 3905 in
676 3841 788 3925 vigilia
804 3843 930 3907 scilicet
948 3843 1144 3908 Natiuitatis
1159 3845 1267 3907 sancti

159 3946 323 4029 Johannis
340 3948 500 4030 Baptiste,
513 3947 580 4009 illic
594 3947 833 4010 conuenientes
850 3966 941 4010 more
958 3946 1147 4031 Anglorum
1164 3947 1267 4011 lucta·

162 4053 253 4116 mina
275 4062 310 4117 ct
332 4052 398 4116 alia
421 4052 559 4115 ludicria
581 4050 785 4116 exercebant
807 4052 956 4133 puerilia,
980 4060 1013 4115 et
1037 4052 1212 4116 cantilenis
1234 4062 1269 4116 et

162 4156 296 4221 musicis
327 4156 556 4221 instrumentis
585 4156 649 4219 sibi
680 4156 822 4220 inuicem
854 4156 1112 4240 applaudebant.
1168 4156 1269 4221 Vnde

161 4269 297 4344 propter
313 4259 444 4324 turbam
460 4278 639 4342 puerorum
660 4270 694 4323 et
709 4258 895 4341 puellarum
917 4258 983 4323 illic
999 4261 1269 4325 concurrencium

607 4388 616 4421 ¹
633 4390 761 4455 opinente,
772 4389 831 4440 MS.
