3234 5059
365 329 433 417 176
553 325 681 398 Deatlr
707 326 789 398 and
811 327 931 424 legacy
956 328 1004 423 of
1021 327 1107 400 Eva
1134 329 1253 402 Peche
1346 329 1466 429 [Boox

193 506 263 599 221²„
270 507 327 599 5¹35,
358 508 526 584 vicarium,
542 519 576 572 et
592 510 636 572 ibi
653 511 746 573 stetit
762 529 821 591 per
836 510 1023 576 triennium.
1070 512 1139 577 Sed
1154 512 1236 578 deus
1254 516 1467 598 omnipotens

194 619 328 700 333an
357 609 474 676 uolens
490 613 591 677 finem
608 615 779 696 imponere
795 613 853 691 liti,
869 636 914 679 ex
936 616 1109 698 inopinato
1130 617 1207 682 lecit
1230 620 1411 683 uindictam
1432 621 1463 682 in

357 716 516 781 vicarium
528 719 634 782 sancti
648 718 748 800 Egidi
748 718 760 800 j
774 739 912 801 grauem
925 720 1161 785 aduersarium.
1197 722 1361 788 Percussit
1375 726 1464 788 enim

356 841 433 886 eum
449 821 607 886 dominus
622 826 768 905 quadam
786 823 979 889 infirmitate
994 826 1177 901 incurabili,
1192 828 1225 891 id
1244 838 1294 892 est
1305 830 1465 910 ydropisi,

357 920 399 984 de
421 941 489 1003 qua
512 931 661 986 mortuus
684 934 742 986 est.
789 922 858 988 Sed
881 926 1041 1000 canonici,
1065 927 1207 990 scientes
1231 929 1339 1010 ipsum
1369 928 1464 1010 expi-

358 1045 456 1101 rasse,
477 1046 543 1090 non
560 1027 780 1108 permiserunt
801 1049 921 1112 corpus
937 1031 1008 1093 eius
1022 1032 1145 1095 intrare
1161 1031 1194 1095 in
1210 1032 1383 1096 ecclesiam
1403 1053 1464 1096 nec

358 1129 493 1192 missam
507 1150 568 1212 pro
578 1152 618 1194 eo
630 1131 797 1208 celebrari,
809 1144 994 1198 asserentes
1006 1136 1115 1218 ipsum
1126 1137 1464 1200 excommunicatum.

359 1232 449 1315 Quid
471 1233 588 1316 plura?
612 1235 820 1300 Executores
841 1237 910 1300 eius
931 1238 1068 1302 tandem
1090 1238 1238 1304 iecerunt
1254 1260 1370 1322 pacem
1386 1260 1462 1303 cum

356 1339 525 1402 canonicis
561 1340 651 1422 ipsis
681 1351 715 1404 et
748 1350 828 1405 tunc
864 1341 1001 1406 demum
1039 1364 1123 1408 vnus
1157 1346 1337 1408 canonicus
1366 1354 1463 1408 extra

356 1444 501 1508 hostium
534 1445 670 1510 ecclesie
700 1446 844 1510 absoluit
874 1469 994 1531 corpus
1025 1458 1203 1526 mortuum,
1233 1460 1267 1513 et
1297 1450 1464 1514 celebrata

356 1551 457 1613 missa
478 1552 587 1632 ipsum
611 1551 763 1634 sepeliuit
786 1554 817 1615 in
840 1554 1004 1618 cimiterio
1024 1554 1169 1618 ecclesie.
1215 1555 1312 1619 Tunc
1327 1554 1462 1638 quidem

355 1665 551 1718 executores
588 1654 752 1719 dederunt
787 1657 1049 1721 Priori.c.oues
1086 1669 1120 1722 et
1157 1659 1356 1742 palefridum
1392 1661 1463 1724 eius

355 1759 455 1841 precii
469 1780 524 1823 .v.
540 1779 724 1822 marcarum
742 1771 775 1824 et
796 1762 950 1843 insuper.
963 1783 1001 1825 v.
1014 1782 1142 1826 marcas
1158 1765 1295 1846 argenti.
1342 1765 1463 1828 Postea

355 1863 486 1944 Gwydo
501 1862 544 1926 de
560 1861 742 1927 Crawdene
758 1865 916 1928 successit
930 1863 1039 1928 eidem
1060 1864 1152 1928 Luce
1174 1865 1218 1929 ad
1239 1867 1396 1931 vicariam
1419 1869 1463 1931 de

356 1966 529 2041 Mordone,
544 1967 600 2050 qui
618 1967 708 2049 prius
725 1967 788 2030 suit
802 1969 944 2032 vicarius
960 1970 1002 2034 de
1017 1969 1230 2036 Thadelowe.

525 2167 592 2230 108.
638 2166 802 2228 Placitum
825 2165 865 2230 de
886 2175 1071 2230 testamento
1093 2166 1167 2230 Eue
1188 2168 1295 2232 Peche.

189 2319 286 2412 &rippam
421 2302 532 2366 Mater
545 2302 673 2367 domini
687 2301 857 2385 G[ilberti]
871 2303 978 2366 Peche
994 2304 1125 2386 patroni
1138 2305 1251 2383 nostri,
1264 2304 1338 2368 Eua
1352 2306 1460 2369 Peche

190 2419 295 2512 'affin
354 2407 497 2482 nomine,
513 2405 633 2469 nobilis
653 2416 687 2469 et
708 2405 797 2470 bona
818 2406 964 2483 domina,
980 2407 1064 2488 obijt
1084 2409 1187 2472 tercio
1207 2409 1262 2473 die
1283 2419 1360 2492 post
1381 2409 1460 2493 Epi-

189 2520 339 2613 gfflffided
354 2507 520 2590 phaniam,
536 2509 593 2572 sed
615 2529 735 2591 corpus
756 2511 826 2572 eius
846 2509 1041 2573 seruabatur
1059 2511 1270 2575 inhumatum
1291 2534 1397 2596 usque
1417 2514 1459 2576 ad

189 2621 339 2713 352an
353 2613 555 2677 dominicam
573 2612 772 2678 Palmarum.
818 2613 914 2677 Tunc
935 2614 1024 2677 enim
1046 2625 1208 2679 uenerunt
1228 2624 1295 2678 tres
1317 2615 1375 2697 filij
1391 2618 1461 2681 eius

189 2721 339 2814 ,⁸2¹3ng
354 2717 482 2792 milites,
507 2726 540 2781 et
567 2727 705 2800 quartus
732 2738 874 2800 persona
901 2717 1123 2781 ecclesiastica
1146 2718 1282 2781 nomine
1304 2719 1461 2782 dominus

189 2821 301 2913 {2333}
356 2822 501 2896 Hamon,
518 2832 551 2885 et
568 2821 767 2905 sepelierunt
783 2843 902 2905 corpus
923 2823 993 2885 eius
1014 2843 1089 2886 cum
1109 2825 1200 2886 omni
1220 2822 1346 2886 honore
1364 2825 1461 2888 iuxta

188 2921 297 3015 ¹:335&
354 2929 460 2990 virum
482 2947 588 3004 suum,
609 2927 642 2990 in
664 2927 792 3010 capella
815 2927 912 2990 beate
935 2927 1049 3002 Mane,
1065 2937 1098 2990 et
1119 2937 1191 2990 tota
1211 2948 1286 2991 cera
1302 2931 1460 2993 remansit

354 3028 421 3092 sere
444 3049 548 3111 usque
570 3028 613 3092 ad
636 3049 705 3093 .cc.
728 3029 837 3105 libras,
857 3039 892 3092 et
911 3040 978 3092 tres
998 3031 1100 3112 panni
1121 3051 1203 3093 auro
1222 3031 1318 3108 texti,
1338 3041 1373 3095 et
1394 3032 1461 3095 duo

353 3134 429 3217 equi
445 3134 501 3216 qui
523 3133 703 3217 portabant
726 3133 880 3197 loculum.
926 3133 1093 3199 Omnibus
1114 3135 1175 3196 rite
1195 3136 1337 3216 peractis
1357 3157 1460 3199 reces-

191 3241 257 3283 ΗΝ
265 3241 307 3284 ²¹¹²
353 3247 466 3302 serunt
482 3237 540 3319 filij
557 3239 777 3320 prenominati
795 3259 911 3302 omnes
927 3239 1051 3302 nullam
1074 3239 1232 3304 facientes
1252 3241 1460 3306 mencionem

189 3302 249 3334 non·
258 3291 321 3333 tried

187 3341 280 3434 {gglrd‘
352 3343 395 3406 de
411 3352 614 3407 testamento
631 3345 745 3407 matris
761 3365 828 3407 sue.
876 3345 921 3407 Et
936 3345 1015 3427 quia
1031 3344 1123 3407 Prior
1137 3365 1181 3406 ex
1198 3343 1303 3407 relatu
1320 3344 1458 3408 aliorum

188 3443 319 3542 gffiffi
353 3448 519 3511 intellexit
534 3451 624 3531 quod
640 3449 776 3512 domina
791 3449 882 3512 dicta
898 3448 1023 3530 legauit
1038 3469 1113 3512 curn
1130 3469 1268 3531 corpore
1280 3470 1341 3512 suo
1353 3450 1460 3513 multa

189 3542 312 3634 ffilgrlffi·
352 3551 441 3616 bona
456 3553 594 3616 ecclesie
611 3553 666 3616 ubi
682 3553 782 3636 elegit
803 3553 1020 3635 sepulturam,
1035 3551 1113 3616 lecit
1133 3553 1308 3617 dominum
1331 3553 1471 3636 Hamo-¹

188 3644 339 3737 lssffissssff
353 3677 429 3720 nem
460 3657 675 3739 principalem
707 3657 778 3719 eius
808 3666 1022 3720 executorem
1050 3657 1161 3720 uocari
1187 3677 1299 3720 coram
1327 3656 1458 3721 officiali

352 3763 480 3826 domini
512 3763 744 3844 Norwycensis
779 3762 927 3844 episcopi
958 3771 1076 3844 petens
1102 3762 1145 3824 ab
1175 3783 1216 3824 eo
1247 3781 1300 3824 .c.
1331 3781 1458 3825 marcas

352 3868 487 3931 nomine
510 3865 647 3951 legat[i].
696 3869 892 3931 Procurator
914 3888 992 3930 uero
1012 3867 1084 3930 eius
1103 3866 1306 3931 defendebat
1324 3887 1458 3931 causam

352 3971 419 4035 lere
435 3993 494 4054 per
508 3971 678 4036 biennium
696 3993 800 4055 usque
816 3973 858 4036 ad
876 3972 1057 4036 aduentum
1074 3972 1201 4035 domini
1223 3975 1272 4035 sui
1294 3973 1337 4035 de
1358 3973 1458 4055 parti·

352 4074 413 4136 bus
443 4073 679 4137 transmarinis.
740 4073 893 4137 Tandem
925 4074 1017 4137 uenit
1047 4072 1203 4136 dominus
1232 4093 1312 4136 suus
1343 4073 1458 4137 nolens

352 4179 468 4243 uolens
490 4189 524 4243 et
546 4179 768 4244 confitebatur
793 4179 837 4244 de
860 4201 919 4244 .x.
945 4179 1036 4243 libris
1059 4177 1228 4262 leg[atis];
1257 4189 1459 4260 ostensoque

351 4293 553 4348 testamento
568 4304 680 4347 coram
699 4283 812 4366 judice
826 4282 1087 4364 condempuauit
1102 4302 1178 4345 eum
1195 4284 1237 4347 ad
1254 4282 1456 4345 solucionem

350 4411 410 4453 .x.
426 4389 591 4466 librarum,
607 4399 641 4454 et
657 4389 891 4452 nichilominus
906 4388 948 4450 ad
966 4386 1011 4450 .l.
1028 4386 1152 4449 solidos
1168 4406 1229 4468 pro
1244 4386 1409 4468 expensis.
