3234 5059
351 375 421 445 234
516 352 637 425 Fresle
663 352 842 425 taxation.
903 352 941 425 T
937 350 981 425 lte
1007 352 1131 425 Welsi
1159 352 1290 425 Revolt
1335 349 1453 448 [Boou

367 576 418 655 48.
463 575 514 639 De
536 576 703 641 medietate
724 578 877 641 botrorum
899 578 1123 661 temperalium
1145 588 1177 642 et
1196 577 1430 661 spiritualium,

480 690 511 743 et
531 680 653 745 decima
676 680 846 762 laycomm,
867 692 899 746 et
918 692 1004 745 sexto
1025 682 1158 746 denudo
1180 680 1318 745 urbium.

183 850 314 943 amem·
413 828 515 892 Anno
538 831 656 893 eodem
687 829 831 893 infesto
860 831 966 893 sancti
991 828 1120 892 Mathei
1143 828 1287 911 apostoli
1318 826 1452 890 additur

183 951 306 1052 mem
346 932 442 995 dolor
478 932 593 997 dolori.
640 932 716 995 Rex
753 934 843 996 enim
881 942 1067 997 conuocato
1104 941 1177 996 toto
1213 932 1302 995 clero
1332 932 1452 1014 petiuit

181 1053 270 1154 2121ss
348 1037 561 1102 medietatem
578 1038 726 1103 omnium
740 1038 904 1103 bonorum
916 1058 1051 1101 suorum
1068 1048 1137 1102 tam
1153 1037 1196 1101 de
1211 1037 1452 1120 temporalibus

183 1133 288 1255 Ἐπὶ·
347 1164 447 1226 quam
471 1144 514 1208 de
533 1143 759 1227 spiritualibus
782 1146 965 1208 secundum
981 1143 1132 1208 vltimam
1152 1142 1365 1207 taxacionem
1385 1164 1452 1225 que

235 1235 240 1253 ’
346 1258 417 1312 erat
432 1248 636 1331 grauissima
676 1248 835 1332 Episcopi
847 1258 1089 1324 concesserunt,
1104 1249 1163 1312 sed
1179 1248 1402 1313 archidiaconi
1418 1257 1453 1311 et

347 1352 515 1415 inferiores
542 1352 826 1417 contradixerunt.
871 1352 1025 1416 Tandem
1056 1373 1182 1429 omnes,
1212 1353 1363 1416 nolentes
1392 1372 1450 1415 seu

229 1456 270 1499 ⁸¹¹²
347 1456 505 1533 uolentes
521 1468 761 1522 concesserunt
809 1458 854 1522 Et
878 1459 910 1521 in
934 1457 1019 1522 sesto
1041 1458 1148 1522 sancti
1171 1457 1308 1521 Martini
1332 1457 1450 1539 petiuit

185 1558 287 1660 {22⁰⁹-
346 1561 510 1627 decimam
534 1584 555 1626 a
582 1563 694 1647 laycis,
717 1574 750 1627 et
773 1585 793 1626 a
816 1564 1036 1647 burgensibus
1063 1564 1193 1627 urbium
1219 1573 1253 1628 et
1276 1563 1449 1628 ciuitatum

347 1678 480 1731 sextum
519 1668 701 1744 denarium,
739 1677 773 1731 ct
810 1669 964 1752 optinuit,
1001 1668 1080 1751 quia
1117 1668 1227 1732 nullus
1263 1689 1364 1733 ausus
1400 1677 1451 1732 est

346 1773 571 1837 contradicere
577 1779 595 1837 ¹.
635 1773 711 1836 Rex
725 1793 803 1837 uero
815 1783 895 1837 ωηο
907 1773 1067 1856 temporis
1080 1772 1142 1837 luit
1153 1772 1242 1855 apud
1257 1772 1449 1835 Portesmue

346 1897 421 1941 cum
459 1877 608 1941 exercitu
647 1898 779 1959 magno,
816 1886 852 1941 vt
897 1876 1124 1942 transfretaret
1168 1876 1211 1940 ad
1251 1876 1447 1958 capiendam

346 1983 570 2056 Wasconiam,
585 1981 644 2045 sed
665 1983 744 2065 quia
764 1982 858 2065 quasi
880 2003 939 2064 per
958 1993 1025 2046 tres
1046 2001 1177 2045 menses
1199 1990 1317 2044 uentus
1333 1990 1403 2044 erat
1418 1981 1448 2043 ei

346 2088 528 2151 contrarius
544 2086 755 2151 transfretare
772 2106 838 2149 non
854 2086 972 2168 potuit.

184 2236 236 2277 Th,
251 2236 329 2278 ravon
413 2192 586 2256 Walenses
623 2212 702 2255 uero
739 2192 880 2256 scientes
923 2191 1051 2273 Regem
1092 2190 1215 2273 Anglie
1253 2199 1331 2253 tunc
1369 2190 1450 2253 satis

182 2286 283 2379 ῗῷξῗξὴ,
347 2307 547 2379 occupatum
571 2296 743 2361 castellum
774 2298 864 2379 quod
890 2296 967 2360 Rex
991 2305 1222 2359 construxerat
1248 2296 1337 2378 apud
1364 2295 1450 2358 Kar·

349 2422 472 2466 naruan
490 2401 637 2465 totaliter
659 2402 905 2475 destruxerunt,
926 2411 959 2465 et
977 2400 1138 2483 Anglicos
1161 2398 1403 2475 interfecerunt,
1418 2410 1451 2464 et

348 2507 453 2569 multa
492 2505 579 2569 mala
610 2506 642 2569 in
673 2516 903 2587 contemptum
936 2504 1039 2587 Regis
1071 2503 1195 2587 Anglie
1231 2503 1387 2577 iecerunt,
1417 2513 1451 2568 et

349 2610 494 2674 Maddoc
518 2608 621 2673 lilium
647 2609 757 2673 Dauid
782 2609 965 2691 principem
983 2608 1104 2672 Wallie
1126 2618 1320 2672 statuerunt
1370 2607 1452 2672 ldeo

348 2733 407 2776 rex
423 2710 546 2793 Anglie
562 2730 637 2773 cum
654 2708 802 2773 exercitu
821 2729 945 2791 magno
960 2709 1108 2792 perrexit
1124 2708 1156 2771 in
1173 2708 1340 2771 Walliam.

372 2934 422 2997 49.
468 2916 520 2980 De
541 2912 781 2995 Arcteptscopo
805 2911 1040 2979 Cantuariensi
1058 2922 1089 2976 et
1104 2912 1208 2994 gestis
1229 2913 1265 2975 in
1297 2912 1424 2977 Wallie.

196 3084 201 3097 ·
272 3070 289 3118 s,
302 3086 334 3135 90
414 3046 575 3128 Magister
589 3041 784 3127 R[obertus]
798 3044 841 3107 de
854 3041 1055 3106 Winclesee²
1066 3041 1191 3105 electus
1202 3042 1450 3107 cantuariensis

185 3146 275 3238 {gggn
349 3160 525 3232 postquam
551 3149 695 3211 stetisset
719 3148 752 3211 in
777 3146 878 3211 Curia
909 3147 1065 3209 Romana
1087 3167 1146 3229 per
1169 3146 1348 3222 biennium,
1371 3150 1450 3229 quia

182 3247 311 3348 Υζξᾟῗζζ
347 3254 490 3318 uacabat
512 3254 602 3316 curia
626 3274 684 3335 per
713 3252 913 3315 discordiam
942 3251 1168 3316 Cardinalium
1199 3272 1239 3315 eo
1269 3252 1358 3334 quod
1384 3274 1449 3315 non

183 3347 324 3449 §agenter-
347 3370 527 3442 potuerunt
563 3357 748 3421 consentire
778 3357 812 3419 in
842 3376 975 3439 papam,
1004 3357 1141 3419 tandem
1172 3354 1387 3420 confirmatus
1417 3369 1451 3420 et

183 3449 310 3541 3:335}
347 3472 557 3528 consecratus
569 3461 668 3543 redijt
680 3462 712 3525 in
725 3460 895 3544 Angliam,
906 3469 940 3523 et
950 3458 1110 3542 applicuit
1120 3458 1174 3522 die
1183 3460 1450 3524 circumcisionis.

183 3549 271 3640 illl}
349 3568 393 3634 Et
408 3578 489 3633 ωηο
504 3565 707 3631 transeundo
729 3586 842 3630 uersus
865 3564 993 3649 Regem
1015 3564 1070 3647 qui
1087 3574 1166 3629 tunc
1182 3574 1253 3627 erat
1269 3564 1301 3627 in
1319 3564 1451 3641 Wallia,
1519 3641 1522 3645 Α

183 3654 241 3740 iliit
254 3660 268 3690 ¹
291 3662 317 3693 ‘¹
346 3672 578 3757 hospitabatur
599 3672 690 3755 apud
715 3669 915 3734 Bernewelle
937 3669 992 3733 die
1015 3668 1183 3732 dominica
1198 3670 1354 3751 proxima
1375 3681 1451 3752 post

182 3748 332 3855 iilliiQ.
347 3778 435 3843 diem
463 3776 660 3860 Epiphanie.
707 3776 753 3839 Et
783 3775 951 3857 processio
980 3773 1216 3837 canonicorum
1243 3783 1277 3837 et
1300 3774 1449 3837 omnium

348 3883 485 3947 fratrum
509 3881 734 3963 Cantabrigie,
757 3891 790 3944 et
814 3878 1047 3953 uniuersitatis,
1070 3887 1104 3941 et
1130 3876 1351 3954 sacerdotum,
1373 3900 1450 3943 cum

349 4009 471 4071 magna
486 3986 736 4069 sollempnitate
758 3986 865 4049 exiuit
885 3983 1020 4047 obuiam
1042 3983 1081 4046 ei.
1127 3982 1172 4045 Et
1191 3984 1340 4046 canonici
1357 3994 1453 4047 erant

348 4095 381 4156 in
404 4093 519 4177 cappis
542 4092 662 4157 sericis
709 4091 754 4155 Et
778 4089 866 4154 lacta
888 4100 939 4153 cst
962 4088 1072 4152 leticia
1095 4107 1219 4170 magna
1238 4087 1281 4151 de
1303 4091 1451 4153 aduentu

348 4198 452 4282 patris
475 4208 509 4263 et
532 4197 683 4282 pastoris

509 4361 517 4393 ¹
536 4361 639 4421 Stubbs,
655 4328 737 4410 donst.
752 4360 820 4409 Htsr.
832 4359 872 4408 ed.
889 4361 959 4421 1875,
974 4370 1004 4406 u.
1020 4356 1142 4419 126,1n7.

512 4442 523 4475 ²
541 4444 636 4495 Robert
648 4442 816 4506 Winchelsey,
831 4442 891 4506 Abp
902 4441 931 4490 oi
939 4440 1103 4504 Canterbury,
1121 4454 1289 4505 ιαμ-1313.
