3234 5059
477 374 677 449 Hundred
698 373 746 469 of
772 374 972 473 Wetlurley
1207 400 1225 449 2
1231 396 1273 469 51

367 733 569 799 Hundrcdus
590 736 629 801 de
660 735 830 801 Wetlurslc
852 736 1084 821 [Wetherley].

238 904 405 988 Erington
432 904 656 993 [Arrington]
702 908 824 975 Saerus
854 911 897 973 de
925 909 1050 975 Sancto
1078 908 1215 973 Andrea
1245 917 1279 972 et

174 1010 351 1093 participes
366 1011 415 1073 sui
433 1019 547 1075 tenent
563 1012 698 1078 feodum
715 1014 743 1097 .j.
758 1014 873 1077 militis
888 1014 931 1078 de
947 1014 1079 1079 Comite
1092 1011 1279 1077 Glouemie.

248 1112 401 1197 Wynepol
425 1114 630 1201 [Wimpole].
693 1118 823 1183 Alanus
853 1118 896 1183 de
927 1118 1154 1202 Bassingbum
1187 1126 1279 1181 tenet

174 1216 309 1281 feodum
327 1219 355 1281 .i.
369 1217 483 1281 militis
495 1218 537 1282 de
553 1219 678 1284 honore
696 1222 927 1286 Richmondie.
967 1221 1097 1286 Ibidem
1111 1220 1280 1285 Robertus

174 1320 217 1385 de
244 1321 353 1385 Beche
379 1331 471 1385 tenet
493 1322 630 1388 feodum
654 1326 681 1388 .i.
706 1325 822 1389 militis
844 1327 887 1389 de
912 1326 1070 1390 Hamone
1094 1325 1231 1402 Pecche‚
1246 1335 1280 1389 et

175 1425 275 1490 debet
290 1428 333 1491 de
349 1427 476 1490 auxilio
491 1430 696 1494 vicecomitis
712 1430 819 1511 .iiij.d.,
834 1438 868 1493 et
883 1429 926 1494 de
941 1429 1054 1493 warda
1070 1430 1179 1495 Castri
1196 1430 1280 1493 inira

175 1550 300 1594 annum
316 1539 350 1594 et
370 1531 546 1595 dimidium
568 1533 743 1597 dimidiam
762 1554 918 1599 marcam.
967 1534 1096 1598 Ibidem
1115 1534 1280 1598 Henricus

175 1637 217 1701 de
245 1635 411 1702 Childerla
438 1646 531 1699 tenet
557 1636 691 1703 feodum
719 1636 748 1721 .j,
776 1640 891 1703 militis
920 1639 963 1703 de
989 1639 1128 1703 baronia
1153 1638 1280 1702 Warini

175 1740 233 1804 lilii
255 1740 388 1817 Gerold‚
408 1741 509 1805 debet
531 1741 559 1824 .j.
579 1752 715 1819 sectam,
734 1751 768 1806 et
794 1744 898 1826 Hugo
919 1743 963 1808 de
986 1743 1161 1808 Craudene
1181 1742 1282 1805 debet

175 1854 308 1909 sectam.
349 1844 480 1909 Ibidem
496 1844 666 1909 Galsridus
682 1846 724 1911 de
741 1845 862 1910 Bancis
878 1846 979 1911 debet
995 1846 1024 1911 .i.
1040 1855 1176 1921 sectam,
1189 1854 1224 1909 et
1240 1844 1282 1908 de

175 1950 302 2013 auxilio
328 1950 532 2020 vicecomitis
555 1947 652 2031 .xij.d.
700 1948 831 2015 Ibidem
860 1950 1049 2014 Willelmus
1072 1950 1103 2014 le
1127 1949 1282 2014 Franceis

174 2064 267 2119 tanet
282 2053 418 2118 feodum
434 2054 564 2120 dimidii
580 2053 694 2117 militis
711 2054 753 2118 de
768 2054 907 2119 baronia
924 2054 1056 2140 Leydet
1071 2062 1106 2118 et
1121 2053 1221 2117 debet
1239 2053 1282 2116 de

175 2159 302 2224 auxilio
316 2160 521 2224 vicecomitis
537 2180 579 2224 .x.
594 2157 771 2223 denarios¹.

242 2262 384 2328 Omoell
403 2262 565 2347 [Orwell].
610 2262 800 2328 Willelmus
827 2262 949 2347 Torpel
976 2274 1070 2328 tenet
1092 2262 1227 2328 feodum
1254 2262 1374 2335 .i.t.147

176 2369 290 2432 militis
304 2369 348 2432 de
364 2368 496 2434 Comite
517 2366 704 2433 Glouernie.
752 2368 883 2432 ibidem
902 2369 1069 2433 Robertus
1085 2368 1128 2432 de
1140 2366 1282 2433 Orewell

175 2484 267 2537 tenet
293 2475 324 2538 .i.
349 2472 462 2537 hidam
489 2471 690 2557 geldabilem
717 2492 777 2556 per
802 2472 974 2554 socagium
998 2473 1042 2536 de
1068 2472 1216 2535 Henrico
1238 2472 1282 2535 de

176 2576 378 2653 Bokeswrth
415 2587 449 2641 et
489 2576 590 2641 debet
627 2576 655 2640 .i.
693 2586 829 2652 sectam,
867 2584 901 2640 et
942 2575 985 2639 de
1026 2576 1154 2639 auxilio
1194 2575 1281 2639 vice-

175 2684 305 2747 comitis
328 2680 426 2765 ,xij.d.

240 2786 410 2850 Malketon
438 2784 585 2869 [Malton
613 2786 645 2848 in
671 2784 819 2868 Orwell].
865 2784 1048 2849 Nicholaus
1073 2784 1104 2848 le
1128 2784 1282 2848 Vauasur

175 2899 268 2955 tenet
284 2888 418 2954 feodum
436 2890 465 2954 .i.
482 2890 596 2953 militis
612 2909 688 2952 cum
704 2899 792 2953 terra
807 2908 909 2971 quam
924 2888 1093 2952 Robertus
1107 2889 1151 2952 de
1168 2887 1282 2951 Insula

175 3004 268 3059 tenet
284 2996 326 3058 de
341 3016 382 3058 eo
399 2995 430 3057 in
444 2995 614 3076 Westwyc
629 3004 663 3057 et
682 2992 835 3056 Hokiton
851 2994 895 3057 de
910 2992 1036 3057 honore
1049 2991 1282 3067 Richmondie,

175 3110 209 3164 et
224 3100 326 3163 debet
341 3101 370 3163 .i.
386 3109 522 3173 sectam,
537 3108 571 3162 et
588 3097 658 3182 [de]
674 3098 802 3162 auxilio
818 3098 1026 3161 vicecomitis
1042 3097 1195 3179 ,xxxijd

242 3204 357 3287 Sapere
367 3201 573 3287 [Shepreth].
613 3202 743 3285 Symon
756 3202 883 3265 Martio
896 3211 990 3266 tenet
1002 3202 1137 3266 feodum
1151 3201 1281 3265 dimidii

176 3309 290 3373 militis
319 3309 362 3372 da
388 3308 528 3372 baronia
560 3305 734 3389 Hardwyn
762 3306 806 3370 de
833 3304 1031 3389 Scalar[iis],
1061 3316 1095 3371 et
1125 3306 1228 3371 debet
1254 3306 1282 3369 .i.

176 3423 302 3477 sectam
334 3411 397 3495 [et]
428 3411 471 3476 de
502 3411 630 3476 auxilio
659 3410 867 3475 vicecomitis
894 3411 1047 3494 .xxxij.d.
1093 3411 1283 3475 Bernardus

175 3518 218 3583 de
238 3516 454 3601 Rothomago
474 3526 567 3581 tenet
590 3516 654 3599 iiij.
670 3526 800 3600 partem
823 3516 912 3581 leodi
931 3517 958 3580 .i.
979 3515 1094 3580 militis
1117 3516 1160 3581 de
1183 3515 1283 3581 ieodo

224 3697 233 3731 ¹
251 3700 287 3749 At
305 3698 348 3750 the
364 3698 417 3749 loot
433 3698 462 3749 ol
476 3697 526 3749 this
543 3714 607 3763 page
623 3714 666 3747 are
683 3696 726 3749 the
742 3697 872 3763 following
888 3698 1050 3749 memoranda
1066 3696 1092 3747 in
1108 3712 1125 3747 a
1144 3696 1202 3759 14th
1217 3704 1283 3749 oent.

176 3781 262 3831 hand:
289 3782 394 3845 “Jurati
414 3780 501 3831 dicunt
518 3780 588 3845 quod
604 3779 716 3831 Thomas
733 3778 766 3829 de
785 3779 922 3829 Haslarton
940 3787 1008 3830 tenet
1024 3778 1157 3829 dimidium
1173 3777 1240 3829 leodi
1257 3780 1283 3829 in

179 3862 327 3913 Hardliston
348 3862 417 3928 quod
440 3862 512 3912 Prior
533 3862 566 3911 de
592 3860 730 3911 Bemewell
753 3862 833 3911 tenuit
854 3878 921 3912 anno
947 3860 1017 3927 regni
1039 3860 1135 3910 domini
1163 3860 1282 3911 Edwardi

176 3944 303 4010 quondam
316 3946 393 4011 Regis
403 3945 496 4010 Anglie
506 3944 547 3994 avi
558 3944 654 3994 domini
667 3944 743 4008 Regis
755 3960 828 3994 nunc.
866 3944 899 3993 Et
911 3944 1036 4009 predictos
1049 3944 1119 3994 Prior
1130 3944 1162 3993 de
1171 3942 1284 4008 predicto

176 4026 282 4077 dimidio
304 4026 379 4078 leodo
401 4026 478 4078 modo
500 4026 577 4077 nichil
601 4025 695 4077 tenet.”
729 4026 835 4091 “Jurati
854 4026 887 4077 de
908 4025 1049 4077 Hundrodo
1071 4026 1104 4076 de
1123 4025 1284 4091 Trippelowe

175 4110 262 4161 dicunt
274 4110 342 4176 quod
353 4110 465 4161 Thomas
476 4111 509 4161 de
522 4109 659 4161 Haslarton
671 4117 739 4161 tenet
750 4109 884 4160 dimidium
898 4109 966 4160 leodi
979 4109 1066 4160 militis
1081 4109 1107 4159 in
1119 4109 1282 4160 Hardleston.

177 4194 254 4257 Quod
267 4193 368 4259 quidem
384 4193 515 4244 dimidium
527 4193 595 4243 leodi
613 4192 684 4243 Prior
699 4194 732 4242 de
744 4192 885 4244 Bemewell
896 4191 976 4243 tenuit
992 4202 1018 4243 et
1029 4200 1145 4243 oneratus
1160 4192 1206 4242 fuit
1216 4209 1284 4242 anno

177 4278 246 4342 regni
257 4276 353 4326 domini
367 4275 443 4340 Regis
456 4275 573 4325 Edwardi
590 4275 631 4324 avi
642 4274 737 4324 domini
752 4274 829 4339 Regis
839 4290 906 4324 nnnc
917 4282 990 4340 prout
1003 4274 1078 4324 breue
1089 4275 1216 4340 supponit.
1250 4276 1284 4325 Et

175 4359 261 4409 dicunt
281 4358 384 4409 ulterius
400 4357 476 4421 jurati
495 4358 564 4423 quod
583 4357 665 4408 dictus
683 4357 754 4407 Prior
770 4357 796 4407 in
815 4358 925 4423 presenti
941 4358 1019 4408 nichil
1035 4367 1103 4408 tenet
1118 4358 1151 4408 ‹le
1171 4358 1284 4423 predicto

176 4441 282 4492 dimidio
299 4438 401 4497 leodo.'’
