3234 5059
347 364 417 435 288
662 359 699 432 Τ
694 368 825 433 enanis
855 360 896 432 in
925 357 1146 454 Cambridge
1330 354 1451 453 [BOOK

342 551 420 627 chri,
446 558 480 615 et
503 570 605 614 vuum
629 550 837 632 mesuagium
860 570 906 613 ex
933 548 1091 632 opposito
1116 548 1271 612 Fratrum
1295 542 1446 609 Predica·

342 664 452 719 torum
468 664 502 717 et
518 653 662 718 reddunt
678 653 757 716 inde
771 672 831 735 per
846 671 970 717 annum
987 652 1093 717 ,xixa

409 758 575 824 Cristiana
598 758 707 822 Lucas
730 766 824 822 tenet
843 776 944 821 vnarn
967 777 1078 822 acram
1102 766 1188 820 terre
1213 754 1246 818 in
1269 751 1383 818 croitis
1405 753 1449 816 de

344 859 549 927 Newenham
572 869 607 925 et
629 860 740 926 reddit
762 881 970 945 perannum
995 860 1129 943 ,xviij.d.

411 966 519 1031 Heres
543 964 702 1029 Wiiielmi
726 966 872 1031 Wombe
898 976 989 1031 tenet
1016 966 1101 1031 duas
1127 984 1220 1029 acras
1243 973 1329 1028 terre
1351 963 1448 1025 iuxta

344 1070 540 1137 Grenecroft
562 1079 597 1134 et
621 1070 729 1134 reddit
752 1092 811 1155 per
833 1091 958 1135 annum
982 1071 1048 1153 ijs.

1046 1175 1204 1257 [Summa
1218 1170 1340 1254 ,xxxjf
1353 1167 1450 1254 viijfl]

608 1472 636 1535 8.
682 1468 845 1534 Paroclria
870 1469 987 1535 Sancti
1012 1468 1183 1533 Benedicti.

407 1650 578 1733 Johannes
596 1650 763 1733 Humfrey
774 1660 868 1715 tenet
880 1669 982 1715 vnum
1000 1650 1208 1732 mesuagium
1222 1649 1317 1713 iuxta
1331 1648 1447 1713 Lorte-

343 1755 448 1819 burne
463 1755 538 1819 lane
553 1765 587 1819 et
603 1756 711 1819 reddit
728 1774 927 1838 perannum
943 1776 1037 1818 .xx.s.

409 1860 575 1924 Robertus
610 1860 653 1924 de
689 1859 873 1941 Bitteringe
909 1868 1001 1923 tenet
1031 1875 1133 1921 vnum
1168 1858 1376 1940 mesuagium
1413 1859 1447 1921 in

344 1964 551 2028 Lorteburne
573 1963 650 2028 lane
674 1973 706 2027 et
732 1963 842 2027 reddit
866 1964 943 2027 inde
968 1983 1027 2045 per
1053 1982 1177 2026 annum
1204 1960 1334 2042 ‚xviijd

411 2068 505 2131 Idem
523 2067 689 2132 Robertus
705 2075 796 2132 tenet
812 2086 914 2131 vnum
932 2067 1141 2148 mesuagium
1161 2073 1259 2129 extra
1275 2076 1389 2148 portas
1404 2067 1448 2131 de

343 2172 573 2255 Trumpitone,
588 2180 623 2236 et
639 2171 747 2236 reddit
764 2172 849 2235 ,ix.d.

409 2274 597 2338 Willelmus
615 2273 728 2357 Holay
745 2284 837 2337 tenet
853 2294 956 2337 vnum
972 2273 1181 2354 mesuagium
1198 2272 1231 2335 in
1247 2272 1338 2335 dicta
1352 2294 1447 2355 paro-

344 2380 418 2443 chia
448 2381 543 2444 iuxta
574 2380 780 2461 mesuagium
813 2378 972 2461 Symonis
1003 2376 1160 2460 Sephare,
1190 2386 1224 2440 et
1254 2377 1364 2441 reddit
1390 2398 1450 2461 per

344 2502 469 2547 annum
493 2503 569 2566 .uj.s.

411 2588 540 2670 Symon
577 2587 726 2671 Sephare
761 2597 853 2651 tenet
884 2608 985 2651 vnum
1025 2586 1232 2668 mesuagium
1266 2586 1300 2650 in
1330 2588 1447 2652 eadem

345 2691 502 2777 parochia
525 2692 621 2755 iuxta
647 2693 855 2775 mesuagium
880 2692 961 2756 dicti
984 2691 1153 2768 Willelmi,
1175 2700 1210 2754 et
1235 2691 1343 2755 reddit
1367 2692 1448 2774 .vj.d.

1082 2792 1240 2875 [Summa
1256 2792 1351 2875 ‚xxj.¹
1366 2791 1449 2878 ‚ix.‘¹]

614 3106 644 3171 9.
688 3088 853 3153 Parachia
878 3088 996 3153 Sancti
1016 3088 1177 3172 Botulphi.

411 3371 602 3454 Margareta
628 3372 659 3436 le
687 3372 785 3437 Grele
815 3383 908 3437 tenet
931 3392 1034 3437 vnum
1065 3374 1273 3455 mesuagium
1298 3372 1331 3435 in
1359 3371 1449 3435 dicta

344 3474 501 3559 parochia
523 3476 619 3541 iuxta
641 3477 848 3558 mesuagium
872 3476 1028 3560 Hugonis
1049 3475 1093 3540 de
1114 3475 1271 3552 Becham‚
1285 3485 1319 3539 et
1340 3476 1451 3540 reddit

344 3579 442 3664 ,xij.d.
465 3588 500 3644 et
522 3580 563 3663 ij.
586 3601 739 3665 capones

412 3685 516 3768 Hugo
541 3685 584 3749 de
611 3686 756 3750 Becham
784 3694 876 3749 tenet
901 3706 1004 3750 vnum
1032 3684 1240 3767 mesuagium
1271 3685 1305 3748 in
1330 3683 1448 3749 eadem

344 3789 502 3873 parochia
524 3790 620 3853 iuxta
644 3790 851 3872 mesuagium
872 3789 961 3853 dicte
983 3789 1181 3871 Margarete,
1202 3798 1236 3852 et
1260 3789 1369 3853 reddit
1391 3810 1452 3872 per

345 3914 470 3959 annum
493 3893 593 3976 .xij.d.
616 3904 651 3958 et
673 3893 713 3976 .ij.
737 3914 888 3977 capones.

410 3996 517 4061 Eleua
532 3995 737 4078 Scherwynd
758 4004 850 4060 tenet
864 4016 965 4060 vnam
986 3996 1169 4079 schoppam
1192 3996 1225 4059 in
1242 3994 1313 4061 foro
1329 3996 1451 4062 Cante-

345 4102 449 4185 brigie
465 4102 519 4167 vbi
535 4101 685 4166 venduut
701 4102 823 4165 lineam
839 4102 950 4176 telam,
967 4110 1000 4164 et
1020 4100 1129 4165 reddit
1144 4101 1218 4165 .x.d.

411 4205 663 4271 Bartholomeus
674 4206 840 4289 Cogging¹
850 4215 942 4270 tenet
953 4205 1007 4269 ix.
1017 4226 1110 4270 acras
1120 4214 1206 4269 terre
1214 4205 1258 4270 ad
1270 4206 1450 4270 terminum

791 4436 800 4468 ¹
818 4438 922 4504 θορῆς,
935 4436 993 4489 us.
