3234 5059
171 387 232 488 111]
384 387 555 464 endowed
576 391 620 487 by
654 386 824 462 Willeom
848 387 893 461 de
925 386 963 460 T
957 385 1052 460 haue
1206 407 1272 479 153

170 585 198 630 et
214 576 412 643 Bartholomei,
423 586 450 629 et
463 593 518 646 que
530 585 594 645 post
607 583 727 628 mortem
741 573 830 645 ipsius
845 573 966 628 lsabelle
975 572 1012 626 ad
1023 571 1101 643 ipsos
1111 572 1277 626 Gonnoram

171 675 200 720 et
214 665 444 718 Bartholomeum
457 663 558 717 reuerti
571 662 715 729 deberent,
726 672 789 732 post
802 672 922 716 mortem
935 660 1023 731 ipsius
1038 661 1158 715 lsabelle
1171 661 1278 729 integre

171 759 335 806 remaneant
347 751 475 819 predicto
489 748 576 802 Priori
587 757 615 804 et
628 747 838 803 successoribus
849 748 907 802 suis
919 758 947 803 et
960 747 1079 802 ecclesie
1092 764 1142 801 sue
1152 747 1278 816 predicte

171 840 319 894 habendas
336 848 364 894 et
381 839 519 892 tenendas
537 836 665 908 predicto
679 837 766 890 Priori
780 846 808 891 et
822 837 1031 891 successoribus
1048 836 1107 891 suis
1119 845 1147 890 et
1159 835 1278 890 ecclesie

172 944 222 981 sue
240 927 365 997 predicte
383 926 419 981 de
438 926 607 995 capitalibus
626 924 749 979 dominis
769 924 845 979 feodi
866 924 939 979 illius
953 941 1002 994 per
1024 924 1144 979 semicia
1165 941 1220 994 que
1241 925 1279 978 ad

172 1016 272 1070 eadem
285 1023 447 1070 tenemento
460 1014 601 1085 pertinent
614 1015 812 1084 inperpetuum
824 1022 876 1067 etc.

424 1267 473 1331 73.
519 1250 572 1313 De
591 1250 662 1314 dote
683 1249 815 1313 [sabelle
836 1248 876 1312 de
902 1248 933 1311 T
928 1248 1018 1312 hane.

227 1401 265 1454 Et
287 1410 450 1470 preceptum
471 1411 515 1454 est
535 1399 693 1455 vicecomiti
716 1399 793 1470 quod
814 1398 911 1453 uenire
931 1397 1016 1452 faciat
1037 1397 1083 1451 hic
1102 1397 1149 1452 die
1168 1397 1279 1452 sabbati
1293 1406 1394 1447 Attam-

173 1488 300 1557 proxima
313 1498 376 1558 post
393 1499 509 1542 octauas
526 1487 617 1542 sancti
634 1487 770 1555 Johannis
787 1484 910 1556 baptiste
927 1486 1068 1555 predictos
1080 1486 1240 1555 Johannem
1252 1497 1280 1541 et
1293 1455 1441 1548 {affine

176 1575 328 1629 lsabellam
341 1576 377 1628 ad
391 1575 648 1646 recognoscendum
663 1586 714 1629 etc.
752 1574 797 1627 Ad
816 1589 900 1644 quem
916 1573 991 1626 diem
1008 1582 1145 1628 uenerunt
1162 1574 1280 1644 predicti

173 1661 318 1730 Johannes
331 1671 359 1716 et
375 1661 495 1714 lsabclla
509 1671 535 1715 et
549 1660 646 1714 dicunt
659 1660 735 1730 quod
748 1657 801 1728 ipsi
813 1656 900 1711 nichil
909 1657 1034 1712 clamant
1048 1659 1076 1711 in
1089 1658 1222 1728 predictis
1232 1675 1281 1712 sex

174 1749 246 1802 acris
268 1759 341 1803 terre
361 1749 416 1803 nisi
438 1749 553 1803 nomine
572 1748 647 1802 dotis
667 1748 756 1818 ipsius
778 1747 898 1800 lsabelle
916 1755 943 1800 et
963 1763 1082 1816 quarum
1100 1746 1225 1801 reuersio
1243 1747 1280 1800 ad

175 1837 267 1907 ipsum
290 1836 416 1892 Priorem
436 1848 464 1891 et
487 1852 664 1890 successores
687 1851 753 1889 suos
775 1835 896 1905 pertinet
919 1843 984 1905 post
1009 1844 1130 1888 mortem
1153 1835 1280 1904 predicte

176 1926 304 1993 lsabelle‚
323 1937 350 1980 et
370 1943 440 1996 quas
459 1942 507 1979 sex
526 1941 606 1979 acras
626 1924 701 1978 idem
721 1923 799 1977 Prior
816 1923 885 1977 alias
901 1923 1023 1978 reddidit
1040 1923 1093 1994 ipsi
1113 1924 1234 1978 Isabelle
1249 1936 1280 1979 ut

174 2014 270 2067 dotem
295 2029 375 2067 suam
400 2023 452 2066 etc.
491 2014 528 2066 Et
552 2013 699 2066 sciendum
724 2011 798 2080 quod
826 2011 911 2064 iidem
934 2011 1079 2080 Johannes
1104 2022 1131 2065 et
1158 2012 1281 2067 isabella

175 2102 301 2172 predicto
322 2102 410 2156 Priori
429 2101 594 2156 fidelitatem
612 2101 737 2156 fecerunt
756 2099 802 2153 hic
821 2099 850 2153 in
871 2098 957 2153 Curia
975 2098 1039 2153 etc.¹

197 2353 246 2418 74
291 2338 343 2402 De
362 2359 419 2401 sex
438 2339 559 2402 marcis
579 2338 669 2402 datis
689 2338 771 2402 dicte
796 2337 944 2402 Gonnore
957 2350 1020 2421 pro
1042 2340 1258 2422 recognitione.

243 2491 498 2555 Memorandum
529 2493 619 2574 quod
652 2491 744 2554 Prior
780 2490 874 2554 dedit
911 2491 1020 2555 eidem
1052 2493 1210 2556 Gonnore
1246 2499 1309 2557 ett
1326 2512 1355 2563 57

177 2595 414 2660 Bartholomeo
437 2617 497 2659 sex
523 2617 650 2660 marcas
671 2596 903 2677 sterlingorum
926 2598 959 2659 in
980 2597 1087 2660 forma
1107 2600 1219 2680 pacis;
1246 2609 1280 2662 et
1293 2561 1435 2706 {5332

176 2702 223 2764 sic
245 2701 357 2764 denuo
380 2701 529 2764 lecerunt
552 2701 817 2783 recognicionem
845 2721 956 2764 coram
981 2701 1172 2784 justiciariis
1195 2705 1432 2806 Sicutssfflss'·

177 2807 362 2903 predictum
379 2816 437 2870 est.
484 2805 747 2888 Verumptamen
767 2806 859 2869 Prior
875 2805 973 2869 ualde
993 2809 1174 2889 prudenter
1192 2810 1280 2891 cogi·
1294 2813 1396 2855 eumd

1293 2864 1362 2905 them
1371 2862 1434 2903 from
1541 2894 1543 2897 .

177 2910 271 2974 tabat
301 2913 390 2992 quod
423 2921 552 2974 tantam
584 2912 759 2994 pecuniam
791 2911 919 2974 soluere
950 2931 1016 2974 non
1044 2912 1198 2989 debebat,
1224 2913 1279 2976 ubi
1293 2913 1421 3006 {2¹¹⁸ansp

177 3014 304 3078 nullum
320 3013 584 3077 emolumentum
602 3014 791 3095 recipiebat,
807 3023 842 3078 et
857 3014 934 3077 ideo
949 3014 1075 3078 dictum
1090 3015 1279 3097 johannem

176 3117 219 3180 de
235 3115 396 3181 Grettone
412 3117 621 3199 capellanum
641 3117 824 3193 accersiuit‚
839 3127 873 3181 et
894 3126 931 3180 ut
945 3116 1053 3181 dictas
1073 3139 1136 3182 sex
1153 3141 1281 3184 marcas

177 3221 380 3303 acquietaret
406 3220 589 3284 admonuit.
633 3221 800 3302 Alioquin,
829 3222 945 3302 inquit,
971 3231 1071 3284 totam
1098 3233 1220 3286 terram
1245 3225 1281 3286 iu

177 3345 278 3388 manu
301 3334 412 3387 nostra
434 3326 558 3405 capram
578 3345 740 3406 quousque
757 3324 805 3388 ad
824 3324 1001 3388 vaknceom
1021 3348 1077 3389 sex
1095 3348 1281 3392 morcarum

177 3430 253 3493 inde
275 3441 416 3511 recepero.
463 3428 559 3492 Tunc
580 3429 715 3511 quidem
737 3430 904 3511 predictus
925 3429 1116 3512 capellanus
1132 3434 1281 3497 terminis

178 3534 311 3597 statutis
335 3534 499 3617 predictas
523 3553 583 3597 sex
607 3554 735 3597 marcas
758 3535 946 3616 acquietare
967 3538 1166 3620 manucepit‚
1185 3548 1218 3603 et
1239 3540 1281 3602 de

178 3657 339 3700 consensu
365 3637 484 3700 Prioris
508 3657 566 3720 per
587 3647 653 3700 tres
674 3656 780 3700 annos
801 3658 822 3700 a
841 3637 1068 3702 celebracione
1089 3661 1149 3722 pro
1170 3643 1282 3707 anima

178 3740 259 3804 dicti
280 3740 427 3804 defuncti
448 3741 600 3816 cessauit,
621 3749 654 3802 et
675 3739 808 3802 aliunde
829 3741 1003 3803 seruicium
1025 3743 1097 3819 sibi,
1114 3764 1172 3826 per
1191 3746 1281 3826 quod

180 3845 290 3907 medio
302 3854 454 3927 tempore
463 3852 576 3925 posset
587 3844 773 3920 sustentari,
783 3844 971 3927 adquisiuit.
1011 3847 1057 3910 Et
1068 3849 1111 3912 de
1124 3848 1282 3914 fructibus

179 3969 222 4012 ex
250 3950 322 4031 ipsa
348 3958 435 4013 terra
462 3949 734 4031 prouenientibus
760 3949 932 4031 peridem
960 3959 1093 4033 tempus
1117 3955 1283 4035 predictas

178 4073 239 4117 sex
264 4073 391 4117 marcas
414 4053 627 4136 acquietauit.

228 4212 237 4244 ¹
256 4215 342 4264 Assize
360 4214 426 4275 Roll,
442 4214 491 4263 No.
512 4213 551 4274 86,
569 4213 674 4263 membr.
691 4213 715 4269 6,
729 4213 805 4262 dorso.
841 4213 897 4262 The
912 4215 1044 4280 transcript
1059 4217 1086 4265 in
1102 4233 1147 4267 our
1164 4219 1220 4270 MS.
1239 4221 1285 4271 has

178 4293 243 4342 been
259 4291 367 4341 collated
383 4291 443 4340 with
459 4291 501 4340 the
518 4291 585 4350 Roll,
599 4290 649 4340 and
665 4290 794 4340 corrected
809 4290 835 4339 in
847 4307 863 4339 a
874 4291 921 4340 lew
933 4293 1024 4356 places.
1060 4294 1092 4343 ln
1107 4297 1124 4344 1.
1137 4313 1151 4361 3
1168 4297 1209 4347 the
1226 4299 1285 4348 Roll

180 4373 253 4423 reads
269 4373 397 4422 Laderene
411 4373 444 4422 de
462 4373 576 4432 Graueci‚
594 4373 646 4423 and
662 4373 688 4421 in
707 4371 767 4420 Roll
783 4374 824 4434 87,
841 4374 947 4422 membr.
968 4390 1004 4432 rr,
1019 4375 1054 4436 d.‚
1069 4376 1112 4426 the
1128 4379 1211 4429 words
1226 4397 1285 4433 are:

180 4455 206 4505 la
217 4457 318 4520 Dreyne
329 4455 362 4504 de
374 4454 464 4504 Granti
475 4471 503 4504 or
514 4454 615 4505 Granci.
