<?xml version="1.0" encoding="UTF-8"?>
<!DOCTYPE html PUBLIC "-//W3C//DTD XHTML 1.0 Transitional//EN"
    "http://www.w3.org/TR/xhtml1/DTD/xhtml1-transitional.dtd">
<html xmlns="http://www.w3.org/1999/xhtml" xml:lang="en" lang="en">
 <head>
  <title>
</title>
<meta http-equiv="Content-Type" content="text/html;charset=utf-8" />
  <meta name='ocr-system' content='tesseract 3.04.00' />
  <meta name='ocr-capabilities' content='ocr_page ocr_carea ocr_par ocr_line ocrx_word'/>
</head>
<body>
  <div class='ocr_page' id='page_1' title='image "./libermemorandor00clargoog/libermemorandor00clargoog_0326.png"; bbox 0 0 3234 5059; ppageno 0'>
   <div class='ocr_carea' id='block_1_1' title="bbox 350 354 1452 458">
    <p class='ocr_par' dir='ltr' id='par_1_1' title="bbox 350 354 1452 458">
     <span class='ocr_line' id='line_1_1' title="bbox 350 354 1452 458; baseline -0.001 -28"><span class='ocrx_word' id='word_1_1' title='bbox 350 361 419 451; x_wconf 88' lang='lat'>258</span> <span class='ocrx_word' id='word_1_2' title='bbox 655 358 850 431; x_wconf 79' lang='lat' dir='ltr'>Hundred</span> <span class='ocrx_word' id='word_1_3' title='bbox 870 358 920 452; x_wconf 82' lang='lat' dir='ltr'>os</span> <span class='ocrx_word' id='word_1_4' title='bbox 940 355 1113 454; x_wconf 75' lang='lat' dir='ltr'>Cheveley</span> <span class='ocrx_word' id='word_1_5' title='bbox 1331 354 1452 458; x_wconf 76' lang='lat' dir='ltr'>[soon</span> 
     </span>
    </p>
   </div>
   <div class='ocr_carea' id='block_1_2' title="bbox 347 524 1487 625">
    <p class='ocr_par' dir='ltr' id='par_1_2' title="bbox 347 524 1487 625">
     <span class='ocr_line' id='line_1_2' title="bbox 347 524 1487 625; baseline 0 -21"><span class='ocrx_word' id='word_1_6' title='bbox 347 540 504 606; x_wconf 87' lang='lat' dir='ltr'>Willelmi</span> <span class='ocrx_word' id='word_1_7' title='bbox 535 543 578 606; x_wconf 92' lang='lat' dir='ltr'>de</span> <span class='ocrx_word' id='word_1_8' title='bbox 615 544 752 625; x_wconf 90' lang='lat' dir='ltr'>Moyun.</span> <span class='ocrx_word' id='word_1_9' title='bbox 799 543 845 606; x_wconf 94' lang='lat' dir='ltr'>Et</span> <span class='ocrx_word' id='word_1_10' title='bbox 876 544 965 606; x_wconf 92' lang='lat' dir='ltr'>idem</span> <span class='ocrx_word' id='word_1_11' title='bbox 996 552 1088 606; x_wconf 91' lang='lat' dir='ltr'>tenet</span> <span class='ocrx_word' id='word_1_12' title='bbox 1119 543 1303 625; x_wconf 85' lang='lat' dir='ltr'>predictam</span> <span class='ocrx_word' id='word_1_13' title='bbox 1334 524 1487 606; x_wconf 54' lang='lat' dir='ltr'>terram*</span> 
     </span>
    </p>
   </div>
   <div class='ocr_carea' id='block_1_3' title="bbox 347 646 1457 2807">
    <p class='ocr_par' dir='ltr' id='par_1_3' title="bbox 347 646 974 729">
     <span class='ocr_line' id='line_1_3' title="bbox 347 646 974 729; baseline 0.003 -21"><span class='ocrx_word' id='word_1_14' title='bbox 347 646 390 709; x_wconf 91' lang='lat' dir='ltr'>de</span> <span class='ocrx_word' id='word_1_15' title='bbox 414 646 561 710; x_wconf 82' lang='lat' dir='ltr'>Radulfo</span> <span class='ocrx_word' id='word_1_16' title='bbox 584 648 626 712; x_wconf 93' lang='lat' dir='ltr'>de</span> <span class='ocrx_word' id='word_1_17' title='bbox 650 649 750 729; x_wconf 90' lang='lat' dir='ltr'>Tony</span> <span class='ocrx_word' id='word_1_18' title='bbox 774 650 806 711; x_wconf 93' lang='lat' dir='ltr'>in</span> <span class='ocrx_word' id='word_1_19' title='bbox 831 650 974 729; x_wconf 83' lang='lat' dir='ltr'>socagio</span> 
     </span>
    </p>

    <p class='ocr_par' dir='ltr' id='par_1_4' title="bbox 348 748 1457 2474">
     <span class='ocr_line' id='line_1_4' title="bbox 412 748 1457 833; baseline 0.003 -21"><span class='ocrx_word' id='word_1_20' title='bbox 412 748 508 831; x_wconf 57' lang='lat' dir='ltr'>Bur?</span> <span class='ocrx_word' id='word_1_21' title='bbox 543 750 884 833; x_wconf 86' lang='lat' dir='ltr'>[Burrough-Green].</span> <span class='ocrx_word' id='word_1_22' title='bbox 948 750 1097 814; x_wconf 85' lang='lat' dir='ltr'>Thomas</span> <span class='ocrx_word' id='word_1_23' title='bbox 1133 750 1176 813; x_wconf 90' lang='lat' dir='ltr'>de</span> <span class='ocrx_word' id='word_1_24' title='bbox 1215 752 1328 833; x_wconf 85' lang='lat' dir='ltr'>Burgo</span> <span class='ocrx_word' id='word_1_25' title='bbox 1365 760 1457 815; x_wconf 88' lang='lat' dir='ltr'>tenet</span> 
     </span>
     <span class='ocr_line' id='line_1_5' title="bbox 349 852 1455 936; baseline 0.002 -20"><span class='ocrx_word' id='word_1_26' title='bbox 349 852 447 917; x_wconf 85' lang='lat' dir='ltr'>feoda</span> <span class='ocrx_word' id='word_1_27' title='bbox 472 853 513 936; x_wconf 83' lang='lat' dir='ltr'>ij.</span> <span class='ocrx_word' id='word_1_28' title='bbox 537 854 680 917; x_wconf 90' lang='lat' dir='ltr'>militum</span> <span class='ocrx_word' id='word_1_29' title='bbox 709 856 741 917; x_wconf 91' lang='lat' dir='ltr'>in</span> <span class='ocrx_word' id='word_1_30' title='bbox 770 855 862 935; x_wconf 88' lang='lat' dir='ltr'>Burg</span> <span class='ocrx_word' id='word_1_31' title='bbox 885 854 917 916; x_wconf 90' lang='lat' dir='ltr'>in</span> <span class='ocrx_word' id='word_1_32' title='bbox 943 853 1115 919; x_wconf 81' lang='lat' dir='ltr'>Swafham</span> <span class='ocrx_word' id='word_1_33' title='bbox 1141 855 1184 919; x_wconf 92' lang='lat' dir='ltr'>de</span> <span class='ocrx_word' id='word_1_34' title='bbox 1208 855 1333 919; x_wconf 87' lang='lat' dir='ltr'>honore</span> <span class='ocrx_word' id='word_1_35' title='bbox 1357 854 1455 918; x_wconf 91' lang='lat' dir='ltr'>Rich-</span> 
     </span>
     <span class='ocr_line' id='line_1_6' title="bbox 350 956 1455 1040; baseline 0 -19"><span class='ocrx_word' id='word_1_36' title='bbox 350 957 493 1021; x_wconf 91' lang='lat' dir='ltr'>mondie.</span> <span class='ocrx_word' id='word_1_37' title='bbox 542 957 672 1021; x_wconf 89' lang='lat' dir='ltr'>Ibidem</span> <span class='ocrx_word' id='word_1_38' title='bbox 694 968 772 1021; x_wconf 90' lang='lat' dir='ltr'>sunt</span> <span class='ocrx_word' id='word_1_39' title='bbox 789 980 827 1021; x_wconf 91' lang='lat' dir='ltr'>.v.</span> <span class='ocrx_word' id='word_1_40' title='bbox 843 957 922 1020; x_wconf 88' lang='lat' dir='ltr'>hide</span> <span class='ocrx_word' id='word_1_41' title='bbox 942 967 1029 1021; x_wconf 90' lang='lat' dir='ltr'>terre</span> <span class='ocrx_word' id='word_1_42' title='bbox 1048 966 1083 1020; x_wconf 92' lang='lat' dir='ltr'>et</span> <span class='ocrx_word' id='word_1_43' title='bbox 1103 958 1244 1020; x_wconf 91' lang='lat' dir='ltr'>dimidia</span> <span class='ocrx_word' id='word_1_44' title='bbox 1264 956 1455 1040; x_wconf 83' lang='lat' dir='ltr'>geldabiles.</span> 
     </span>
     <span class='ocr_line' id='line_1_7' title="bbox 351 1060 1456 1147; baseline 0 -22"><span class='ocrx_word' id='word_1_45' title='bbox 351 1060 480 1126; x_wconf 86' lang='lat' dir='ltr'>Ibidem</span> <span class='ocrx_word' id='word_1_46' title='bbox 496 1062 597 1126; x_wconf 89' lang='lat' dir='ltr'>debet</span> <span class='ocrx_word' id='word_1_47' title='bbox 614 1062 702 1127; x_wconf 91' lang='lat' dir='ltr'>idem</span> <span class='ocrx_word' id='word_1_48' title='bbox 720 1060 901 1147; x_wconf 91' lang='lat' dir='ltr'>T[homas]</span> <span class='ocrx_word' id='word_1_49' title='bbox 917 1061 946 1143; x_wconf 88' lang='lat' dir='ltr'>.j.</span> <span class='ocrx_word' id='word_1_50' title='bbox 964 1071 1091 1125; x_wconf 88' lang='lat' dir='ltr'>sectam</span> <span class='ocrx_word' id='word_1_51' title='bbox 1108 1071 1142 1125; x_wconf 92' lang='lat' dir='ltr'>et</span> <span class='ocrx_word' id='word_1_52' title='bbox 1159 1061 1272 1143; x_wconf 86' lang='lat' dir='ltr'>Roger</span> <span class='ocrx_word' id='word_1_53' title='bbox 1286 1062 1330 1126; x_wconf 96' lang='lat' dir='ltr'>de</span> <span class='ocrx_word' id='word_1_54' title='bbox 1351 1062 1456 1125; x_wconf 73' lang='lat' dir='ltr'>Essei</span> 
     </span>
     <span class='ocr_line' id='line_1_8' title="bbox 350 1165 1457 1249; baseline -0.001 -19"><span class='ocrx_word' id='word_1_55' title='bbox 350 1166 376 1231; x_wconf 89' lang='lat' dir='ltr'>.i.</span> <span class='ocrx_word' id='word_1_56' title='bbox 393 1176 529 1243; x_wconf 89' lang='lat' dir='ltr'>sectam,</span> <span class='ocrx_word' id='word_1_57' title='bbox 545 1175 579 1230; x_wconf 92' lang='lat' dir='ltr'>et</span> <span class='ocrx_word' id='word_1_58' title='bbox 595 1167 763 1248; x_wconf 88' lang='lat' dir='ltr'>predictus</span> <span class='ocrx_word' id='word_1_59' title='bbox 780 1165 931 1230; x_wconf 87' lang='lat' dir='ltr'>Thomas</span> <span class='ocrx_word' id='word_1_60' title='bbox 948 1187 1006 1249; x_wconf 91' lang='lat' dir='ltr'>per</span> <span class='ocrx_word' id='word_1_61' title='bbox 1027 1186 1152 1229; x_wconf 89' lang='lat' dir='ltr'>annum</span> <span class='ocrx_word' id='word_1_62' title='bbox 1169 1166 1244 1249; x_wconf 76' lang='lat' dir='ltr'>.vjs.</span> <span class='ocrx_word' id='word_1_63' title='bbox 1266 1165 1309 1229; x_wconf 92' lang='lat' dir='ltr'>de</span> <span class='ocrx_word' id='word_1_64' title='bbox 1330 1166 1457 1230; x_wconf 88' lang='lat' dir='ltr'>auxilio</span> 
     </span>
     <span class='ocr_line' id='line_1_9' title="bbox 348 1270 560 1334; baseline 0 -1"><span class='ocrx_word' id='word_1_65' title='bbox 348 1270 560 1334; x_wconf 86' lang='lat' dir='ltr'>vicecomitis.</span> 
     </span>
     <span class='ocr_line' id='line_1_10' title="bbox 363 1370 1455 1456; baseline 0.003 -22"><span class='ocrx_word' id='word_1_66' title='bbox 363 1372 364 1375; x_wconf 71' lang='grc'>’</span> <span class='ocrx_word' id='word_1_67' title='bbox 414 1370 632 1454; x_wconf 79' lang='lat' dir='ltr'>Dullingham</span> <span class='ocrx_word' id='word_1_68' title='bbox 656 1370 913 1456; x_wconf 84' lang='lat' dir='ltr'>[Dullingham].</span> <span class='ocrx_word' id='word_1_69' title='bbox 960 1371 1131 1452; x_wconf 87' lang='lat' dir='ltr'>Johannes</span> <span class='ocrx_word' id='word_1_70' title='bbox 1155 1372 1247 1435; x_wconf 88' lang='lat' dir='ltr'>Biset</span> <span class='ocrx_word' id='word_1_71' title='bbox 1269 1371 1390 1456; x_wconf 92' lang='lat' dir='ltr'>[tenet]</span> <span class='ocrx_word' id='word_1_72' title='bbox 1405 1372 1455 1454; x_wconf 87' lang='lat' dir='ltr'>.vj.</span> 
     </span>
     <span class='ocr_line' id='line_1_11' title="bbox 348 1475 1456 1560; baseline 0.003 -22"><span class='ocrx_word' id='word_1_73' title='bbox 348 1475 445 1539; x_wconf 91' lang='lat' dir='ltr'>hidas</span> <span class='ocrx_word' id='word_1_74' title='bbox 466 1485 552 1539; x_wconf 90' lang='lat' dir='ltr'>terre</span> <span class='ocrx_word' id='word_1_75' title='bbox 574 1476 617 1540; x_wconf 93' lang='lat' dir='ltr'>de</span> <span class='ocrx_word' id='word_1_76' title='bbox 639 1476 795 1539; x_wconf 86' lang='lat' dir='ltr'>omnibus</span> <span class='ocrx_word' id='word_1_77' title='bbox 818 1476 957 1558; x_wconf 91' lang='lat' dir='ltr'>quietas.</span> <span class='ocrx_word' id='word_1_78' title='bbox 1006 1475 1135 1540; x_wconf 88' lang='lat' dir='ltr'>Ibidem</span> <span class='ocrx_word' id='word_1_79' title='bbox 1159 1485 1251 1540; x_wconf 89' lang='lat' dir='ltr'>tenet</span> <span class='ocrx_word' id='word_1_80' title='bbox 1277 1477 1456 1560; x_wconf 82' lang='lat' dir='ltr'>Estrangia</span> 
     </span>
     <span class='ocr_line' id='line_1_12' title="bbox 348 1576 1457 1663; baseline 0.001 -19"><span class='ocrx_word' id='word_1_81' title='bbox 348 1576 388 1661; x_wconf 76' lang='lat' dir='ltr'>ij,</span> <span class='ocrx_word' id='word_1_82' title='bbox 405 1578 501 1643; x_wconf 80' lang='lat' dir='ltr'>hidas</span> <span class='ocrx_word' id='word_1_83' title='bbox 516 1589 603 1644; x_wconf 88' lang='lat' dir='ltr'>terre</span> <span class='ocrx_word' id='word_1_84' title='bbox 623 1578 807 1661; x_wconf 86' lang='lat' dir='ltr'>geldabiles</span> <span class='ocrx_word' id='word_1_85' title='bbox 819 1579 863 1643; x_wconf 89' lang='lat' dir='ltr'>de</span> <span class='ocrx_word' id='word_1_86' title='bbox 885 1580 985 1644; x_wconf 78' lang='lat' dir='ltr'>feodo</span> <span class='ocrx_word' id='word_1_87' title='bbox 1009 1580 1216 1663; x_wconf 89' lang='lat' dir='ltr'>Hardewyni</span> <span class='ocrx_word' id='word_1_88' title='bbox 1232 1582 1276 1643; x_wconf 91' lang='lat' dir='ltr'>de</span> <span class='ocrx_word' id='word_1_89' title='bbox 1292 1580 1457 1658; x_wconf 88' lang='lat' dir='ltr'>Scalariis‚</span> 
     </span>
     <span class='ocr_line' id='line_1_13' title="bbox 348 1684 1455 1767; baseline 0.002 -20"><span class='ocrx_word' id='word_1_90' title='bbox 348 1694 382 1748; x_wconf 89' lang='lat' dir='ltr'>et</span> <span class='ocrx_word' id='word_1_91' title='bbox 397 1684 497 1748; x_wconf 92' lang='lat' dir='ltr'>debet</span> <span class='ocrx_word' id='word_1_92' title='bbox 513 1705 571 1767; x_wconf 93' lang='lat' dir='ltr'>per</span> <span class='ocrx_word' id='word_1_93' title='bbox 589 1704 715 1748; x_wconf 89' lang='lat' dir='ltr'>annum</span> <span class='ocrx_word' id='word_1_94' title='bbox 738 1684 827 1765; x_wconf 81' lang='lat' dir='ltr'>,iiij.s.</span> <span class='ocrx_word' id='word_1_95' title='bbox 851 1685 893 1748; x_wconf 88' lang='lat' dir='ltr'>de</span> <span class='ocrx_word' id='word_1_96' title='bbox 917 1684 1045 1748; x_wconf 87' lang='lat' dir='ltr'>auxilio</span> <span class='ocrx_word' id='word_1_97' title='bbox 1066 1685 1279 1749; x_wconf 86' lang='lat' dir='ltr'>vicecomitis</span> <span class='ocrx_word' id='word_1_98' title='bbox 1326 1684 1455 1749; x_wconf 88' lang='lat' dir='ltr'>Eadem</span> 
     </span>
     <span class='ocr_line' id='line_1_14' title="bbox 349 1788 1456 1872; baseline 0.002 -21"><span class='ocrx_word' id='word_1_99' title='bbox 349 1788 529 1871; x_wconf 85' lang='lat' dir='ltr'>Estrangia</span> <span class='ocrx_word' id='word_1_100' title='bbox 559 1789 660 1853; x_wconf 89' lang='lat' dir='ltr'>debet</span> <span class='ocrx_word' id='word_1_101' title='bbox 691 1789 718 1852; x_wconf 91' lang='lat' dir='ltr'>.i.</span> <span class='ocrx_word' id='word_1_102' title='bbox 749 1799 876 1853; x_wconf 88' lang='lat' dir='ltr'>sectam</span> <span class='ocrx_word' id='word_1_103' title='bbox 907 1800 942 1853; x_wconf 92' lang='lat' dir='ltr'>et</span> <span class='ocrx_word' id='word_1_104' title='bbox 965 1789 1132 1853; x_wconf 88' lang='lat' dir='ltr'>Radulfus</span> <span class='ocrx_word' id='word_1_105' title='bbox 1163 1788 1330 1872; x_wconf 84' lang='lat' dir='ltr'>Matesrey</span> <span class='ocrx_word' id='word_1_106' title='bbox 1355 1790 1456 1855; x_wconf 89' lang='lat' dir='ltr'>debet</span> 
     </span>
     <span class='ocr_line' id='line_1_15' title="bbox 349 1893 1455 1959; baseline -0.001 -1"><span class='ocrx_word' id='word_1_107' title='bbox 349 1894 376 1958; x_wconf 90' lang='lat' dir='ltr'>.i.</span> <span class='ocrx_word' id='word_1_108' title='bbox 407 1904 540 1957; x_wconf 90' lang='lat' dir='ltr'>sectam.</span> <span class='ocrx_word' id='word_1_109' title='bbox 588 1894 633 1956; x_wconf 91' lang='lat' dir='ltr'>Et</span> <span class='ocrx_word' id='word_1_110' title='bbox 664 1894 753 1956; x_wconf 89' lang='lat' dir='ltr'>idem</span> <span class='ocrx_word' id='word_1_111' title='bbox 782 1893 947 1958; x_wconf 89' lang='lat' dir='ltr'>Radulsus</span> <span class='ocrx_word' id='word_1_112' title='bbox 977 1903 1070 1959; x_wconf 89' lang='lat' dir='ltr'>tenet</span> <span class='ocrx_word' id='word_1_113' title='bbox 1101 1894 1129 1957; x_wconf 90' lang='lat' dir='ltr'>.i.</span> <span class='ocrx_word' id='word_1_114' title='bbox 1159 1893 1274 1958; x_wconf 86' lang='lat' dir='ltr'>hidam</span> <span class='ocrx_word' id='word_1_115' title='bbox 1305 1903 1392 1958; x_wconf 89' lang='lat' dir='ltr'>terre</span> <span class='ocrx_word' id='word_1_116' title='bbox 1421 1894 1455 1958; x_wconf 92' lang='lat' dir='ltr'>in</span> 
     </span>
     <span class='ocr_line' id='line_1_16' title="bbox 350 1996 1457 2079; baseline 0.001 -19"><span class='ocrx_word' id='word_1_117' title='bbox 350 1998 466 2061; x_wconf 81' lang='lat' dir='ltr'>eadem</span> <span class='ocrx_word' id='word_1_118' title='bbox 488 1998 530 2062; x_wconf 89' lang='lat' dir='ltr'>de</span> <span class='ocrx_word' id='word_1_119' title='bbox 552 1996 650 2060; x_wconf 83' lang='lat' dir='ltr'>feodo</span> <span class='ocrx_word' id='word_1_120' title='bbox 667 1996 846 2060; x_wconf 90' lang='lat' dir='ltr'>Britannie.</span> <span class='ocrx_word' id='word_1_121' title='bbox 894 1997 1048 2062; x_wconf 87' lang='lat' dir='ltr'>Predicta</span> <span class='ocrx_word' id='word_1_122' title='bbox 1070 1996 1250 2079; x_wconf 85' lang='lat' dir='ltr'>Estrangia</span> <span class='ocrx_word' id='word_1_123' title='bbox 1270 2018 1345 2062; x_wconf 89' lang='lat' dir='ltr'>cum</span> <span class='ocrx_word' id='word_1_124' title='bbox 1369 2008 1457 2062; x_wconf 91' lang='lat' dir='ltr'>terra</span> 
     </span>
     <span class='ocr_line' id='line_1_17' title="bbox 348 2099 1456 2185; baseline 0.001 -21"><span class='ocrx_word' id='word_1_125' title='bbox 348 2101 512 2183; x_wconf 87' lang='lat' dir='ltr'>Johannis</span> <span class='ocrx_word' id='word_1_126' title='bbox 527 2099 586 2164; x_wconf 89' lang='lat' dir='ltr'>filii</span> <span class='ocrx_word' id='word_1_127' title='bbox 604 2100 760 2183; x_wconf 84' lang='lat' dir='ltr'>Hugonis</span> <span class='ocrx_word' id='word_1_128' title='bbox 776 2102 808 2163; x_wconf 95' lang='lat' dir='ltr'>in</span> <span class='ocrx_word' id='word_1_129' title='bbox 827 2100 1012 2167; x_wconf 86' lang='lat' dir='ltr'>Swaffham</span> <span class='ocrx_word' id='word_1_130' title='bbox 1028 2110 1121 2165; x_wconf 89' lang='lat' dir='ltr'>tenet</span> <span class='ocrx_word' id='word_1_131' title='bbox 1133 2102 1317 2185; x_wconf 86' lang='lat' dir='ltr'>predictam</span> <span class='ocrx_word' id='word_1_132' title='bbox 1333 2112 1456 2166; x_wconf 89' lang='lat' dir='ltr'>terram</span> 
     </span>
     <span class='ocr_line' id='line_1_18' title="bbox 350 2203 1457 2289; baseline 0 -22"><span class='ocrx_word' id='word_1_133' title='bbox 350 2225 410 2287; x_wconf 93' lang='lat' dir='ltr'>pro</span> <span class='ocrx_word' id='word_1_134' title='bbox 441 2203 539 2268; x_wconf 83' lang='lat' dir='ltr'>feodo</span> <span class='ocrx_word' id='word_1_135' title='bbox 563 2205 590 2267; x_wconf 86' lang='lat' dir='ltr'>.i.</span> <span class='ocrx_word' id='word_1_136' title='bbox 617 2203 731 2267; x_wconf 90' lang='lat' dir='ltr'>militis</span> <span class='ocrx_word' id='word_1_137' title='bbox 761 2203 804 2266; x_wconf 91' lang='lat' dir='ltr'>de</span> <span class='ocrx_word' id='word_1_138' title='bbox 831 2203 930 2268; x_wconf 83' lang='lat' dir='ltr'>feodo</span> <span class='ocrx_word' id='word_1_139' title='bbox 959 2205 1169 2287; x_wconf 85' lang='lat' dir='ltr'>Hardewyni·</span> <span class='ocrx_word' id='word_1_140' title='bbox 1192 2206 1235 2268; x_wconf 91' lang='lat' dir='ltr'>de</span> <span class='ocrx_word' id='word_1_141' title='bbox 1262 2203 1457 2289; x_wconf 85' lang='lat' dir='ltr'>Scalar[iis].</span> 
     </span>
     <span class='ocr_line' id='line_1_19' title="bbox 352 2305 1457 2390; baseline 0.001 -20"><span class='ocrx_word' id='word_1_142' title='bbox 352 2305 515 2372; x_wconf 88' lang='lat' dir='ltr'>Radulsus</span> <span class='ocrx_word' id='word_1_143' title='bbox 555 2305 719 2387; x_wconf 86' lang='lat' dir='ltr'>Matesrey</span> <span class='ocrx_word' id='word_1_144' title='bbox 756 2307 815 2369; x_wconf 88' lang='lat' dir='ltr'>dat</span> <span class='ocrx_word' id='word_1_145' title='bbox 853 2328 912 2389; x_wconf 90' lang='lat' dir='ltr'>per</span> <span class='ocrx_word' id='word_1_146' title='bbox 947 2328 1073 2371; x_wconf 88' lang='lat' dir='ltr'>annum</span> <span class='ocrx_word' id='word_1_147' title='bbox 1111 2305 1210 2390; x_wconf 65' lang='lat' dir='ltr'>,xijrt</span> <span class='ocrx_word' id='word_1_148' title='bbox 1247 2306 1291 2371; x_wconf 88' lang='lat' dir='ltr'>de</span> <span class='ocrx_word' id='word_1_149' title='bbox 1327 2307 1457 2371; x_wconf 88' lang='lat' dir='ltr'>auxilio</span> 
     </span>
     <span class='ocr_line' id='line_1_20' title="bbox 351 2409 1023 2474; baseline 0.001 -1"><span class='ocrx_word' id='word_1_150' title='bbox 351 2410 554 2473; x_wconf 84' lang='lat' dir='ltr'>vicecomitis</span> <span class='ocrx_word' id='word_1_151' title='bbox 577 2409 619 2472; x_wconf 93' lang='lat' dir='ltr'>de</span> <span class='ocrx_word' id='word_1_152' title='bbox 642 2409 768 2473; x_wconf 84' lang='lat' dir='ltr'>honore</span> <span class='ocrx_word' id='word_1_153' title='bbox 792 2410 1023 2474; x_wconf 90' lang='lat' dir='ltr'>Richmondie.</span> 
     </span>
    </p>

    <p class='ocr_par' dir='ltr' id='par_1_5' title="bbox 349 2512 1457 2807">
     <span class='ocr_line' id='line_1_21' title="bbox 418 2512 1457 2597; baseline -0.001 -20"><span class='ocrx_word' id='word_1_154' title='bbox 418 2512 672 2577; x_wconf 77' lang='lat' dir='ltr'>Steuechewrclu</span> <span class='ocrx_word' id='word_1_155' title='bbox 695 2513 959 2597; x_wconf 89' lang='lat' dir='ltr'>[Stetchworth].</span> <span class='ocrx_word' id='word_1_156' title='bbox 1007 2514 1174 2578; x_wconf 89' lang='lat' dir='ltr'>Henricus</span> <span class='ocrx_word' id='word_1_157' title='bbox 1193 2512 1280 2577; x_wconf 87' lang='lat' dir='ltr'>filius</span> <span class='ocrx_word' id='word_1_158' title='bbox 1296 2513 1457 2578; x_wconf 84' lang='lat' dir='ltr'>Wiltelmi</span> 
     </span>
     <span class='ocr_line' id='line_1_22' title="bbox 349 2618 1456 2702; baseline -0.001 -19"><span class='ocrx_word' id='word_1_159' title='bbox 349 2628 442 2683; x_wconf 88' lang='lat' dir='ltr'>tenet</span> <span class='ocrx_word' id='word_1_160' title='bbox 462 2620 489 2683; x_wconf 94' lang='lat' dir='ltr'>.i.</span> <span class='ocrx_word' id='word_1_161' title='bbox 509 2620 621 2683; x_wconf 87' lang='lat' dir='ltr'>hidam</span> <span class='ocrx_word' id='word_1_162' title='bbox 643 2628 728 2682; x_wconf 89' lang='lat' dir='ltr'>terre</span> <span class='ocrx_word' id='word_1_163' title='bbox 749 2618 792 2684; x_wconf 88' lang='lat' dir='ltr'>de</span> <span class='ocrx_word' id='word_1_164' title='bbox 812 2618 939 2683; x_wconf 85' lang='lat' dir='ltr'>honore</span> <span class='ocrx_word' id='word_1_165' title='bbox 961 2619 1184 2683; x_wconf 90' lang='lat' dir='ltr'>Richmondie</span> <span class='ocrx_word' id='word_1_166' title='bbox 1201 2639 1261 2702; x_wconf 90' lang='lat' dir='ltr'>per</span> <span class='ocrx_word' id='word_1_167' title='bbox 1275 2620 1456 2701; x_wconf 84' lang='lat' dir='ltr'>socagium.</span> 
     </span>
     <span class='ocr_line' id='line_1_23' title="bbox 351 2721 1300 2807; baseline -0.002 -20"><span class='ocrx_word' id='word_1_168' title='bbox 351 2722 395 2787; x_wconf 88' lang='lat' dir='ltr'>Et</span> <span class='ocrx_word' id='word_1_169' title='bbox 410 2724 511 2787; x_wconf 89' lang='lat' dir='ltr'>debet</span> <span class='ocrx_word' id='word_1_170' title='bbox 527 2721 598 2805; x_wconf 90' lang='lat' dir='ltr'>[de]</span> <span class='ocrx_word' id='word_1_171' title='bbox 614 2722 743 2785; x_wconf 81' lang='lat' dir='ltr'>auxilio</span> <span class='ocrx_word' id='word_1_172' title='bbox 757 2723 962 2789; x_wconf 87' lang='lat' dir='ltr'>vicecomitis</span> <span class='ocrx_word' id='word_1_173' title='bbox 978 2723 1077 2806; x_wconf 87' lang='lat' dir='ltr'>.xij.d.</span> <span class='ocrx_word' id='word_1_174' title='bbox 1093 2744 1152 2807; x_wconf 88' lang='lat' dir='ltr'>per</span> <span class='ocrx_word' id='word_1_175' title='bbox 1166 2744 1300 2787; x_wconf 84' lang='lat' dir='ltr'>annum.</span> 
     </span>
    </p>
   </div>
   <div class='ocr_carea' id='block_1_4' title="bbox 578 2968 1332 3090">
    <p class='ocr_par' dir='ltr' id='par_1_6' title="bbox 578 2968 1332 3090">
     <span class='ocr_line' id='line_1_24' title="bbox 578 2968 1332 3090; baseline 0.004 -21"><span class='ocrx_word' id='word_1_176' title='bbox 578 3005 783 3069; x_wconf 79' lang='lat' dir='ltr'>Hundredus</span> <span class='ocrx_word' id='word_1_177' title='bbox 803 3006 843 3071; x_wconf 86' lang='lat' dir='ltr'>de</span> <span class='ocrx_word' id='word_1_178' title='bbox 868 2972 998 3072; x_wconf 67' lang='lat' dir='ltr'>Chaiele</span> <span class='ocrx_word' id='word_1_179' title='bbox 1020 3005 1224 3090; x_wconf 85' lang='lat' dir='ltr'>[Cheveley].</span> <span class='ocrx_word' id='word_1_180' title='bbox 1327 2968 1332 2977; x_wconf 85' lang='lat'><strong>·</strong></span> 
     </span>
    </p>
   </div>
   <div class='ocr_carea' id='block_1_5' title="bbox 252 3145 1458 4479">
    <p class='ocr_par' dir='ltr' id='par_1_7' title="bbox 348 3145 1458 3525">
     <span class='ocr_line' id='line_1_25' title="bbox 413 3145 1458 3231; baseline -0.003 -20"><span class='ocrx_word' id='word_1_181' title='bbox 413 3146 586 3231; x_wconf 79' lang='lat' dir='ltr'>Kertlinge</span> <span class='ocrx_word' id='word_1_182' title='bbox 599 3146 786 3231; x_wconf 66' lang='lat' dir='ltr'>[Kirtling]</span> <span class='ocrx_word' id='word_1_183' title='bbox 823 3147 988 3211; x_wconf 88' lang='lat' dir='ltr'>Radulfus</span> <span class='ocrx_word' id='word_1_184' title='bbox 1001 3150 1044 3212; x_wconf 91' lang='lat' dir='ltr'>de</span> <span class='ocrx_word' id='word_1_185' title='bbox 1059 3146 1171 3211; x_wconf 90' lang='lat' dir='ltr'>Thoni</span> <span class='ocrx_word' id='word_1_186' title='bbox 1186 3157 1279 3212; x_wconf 90' lang='lat' dir='ltr'>tenet</span> <span class='ocrx_word' id='word_1_187' title='bbox 1292 3145 1458 3228; x_wconf 86' lang='lat' dir='ltr'>Kertling&#39;</span> 
     </span>
     <span class='ocr_line' id='line_1_26' title="bbox 349 3252 1458 3335; baseline 0 -20"><span class='ocrx_word' id='word_1_188' title='bbox 349 3272 408 3334; x_wconf 89' lang='lat' dir='ltr'>per</span> <span class='ocrx_word' id='word_1_189' title='bbox 430 3254 624 3317; x_wconf 87' lang='lat' dir='ltr'>serianciam</span> <span class='ocrx_word' id='word_1_190' title='bbox 646 3252 689 3317; x_wconf 92' lang='lat' dir='ltr'>de</span> <span class='ocrx_word' id='word_1_191' title='bbox 711 3253 850 3317; x_wconf 93' lang='lat' dir='ltr'>domino</span> <span class='ocrx_word' id='word_1_192' title='bbox 873 3253 975 3335; x_wconf 85' lang='lat' dir='ltr'>Rege,</span> <span class='ocrx_word' id='word_1_193' title='bbox 991 3263 1025 3316; x_wconf 89' lang='lat' dir='ltr'>et</span> <span class='ocrx_word' id='word_1_194' title='bbox 1048 3254 1092 3317; x_wconf 88' lang='lat' dir='ltr'>ibi</span> <span class='ocrx_word' id='word_1_195' title='bbox 1116 3264 1194 3318; x_wconf 90' lang='lat' dir='ltr'>sunt</span> <span class='ocrx_word' id='word_1_196' title='bbox 1215 3274 1256 3317; x_wconf 87' lang='lat' dir='ltr'>.x.</span> <span class='ocrx_word' id='word_1_197' title='bbox 1272 3252 1350 3316; x_wconf 91' lang='lat' dir='ltr'>hide</span> <span class='ocrx_word' id='word_1_198' title='bbox 1370 3261 1458 3315; x_wconf 87' lang='lat' dir='ltr'>terre</span> 
     </span>
     <span class='ocr_line' id='line_1_27' title="bbox 349 3356 1458 3439; baseline -0.001 -20"><span class='ocrx_word' id='word_1_199' title='bbox 349 3376 415 3419; x_wconf 92' lang='lat' dir='ltr'>non</span> <span class='ocrx_word' id='word_1_200' title='bbox 431 3356 623 3439; x_wconf 86' lang='lat' dir='ltr'>geldabiles,</span> <span class='ocrx_word' id='word_1_201' title='bbox 633 3366 667 3421; x_wconf 92' lang='lat' dir='ltr'>et</span> <span class='ocrx_word' id='word_1_202' title='bbox 683 3358 716 3419; x_wconf 91' lang='lat' dir='ltr'>in</span> <span class='ocrx_word' id='word_1_203' title='bbox 733 3356 813 3419; x_wconf 90' lang='lat' dir='ltr'>villa</span> <span class='ocrx_word' id='word_1_204' title='bbox 828 3357 871 3420; x_wconf 91' lang='lat' dir='ltr'>de</span> <span class='ocrx_word' id='word_1_205' title='bbox 885 3356 1062 3437; x_wconf 86' lang='lat' dir='ltr'>Kertlinge</span> <span class='ocrx_word' id='word_1_206' title='bbox 1074 3356 1166 3419; x_wconf 90' lang='lat' dir='ltr'>nulla</span> <span class='ocrx_word' id='word_1_207' title='bbox 1176 3366 1227 3419; x_wconf 90' lang='lat' dir='ltr'>est</span> <span class='ocrx_word' id='word_1_208' title='bbox 1242 3365 1332 3419; x_wconf 88' lang='lat' dir='ltr'>secta</span> <span class='ocrx_word' id='word_1_209' title='bbox 1347 3374 1458 3438; x_wconf 90' lang='lat' dir='ltr'>neque</span> 
     </span>
     <span class='ocr_line' id='line_1_28' title="bbox 348 3459 739 3525; baseline 0.005 -2"><span class='ocrx_word' id='word_1_210' title='bbox 348 3459 511 3524; x_wconf 88' lang='lat' dir='ltr'>auxilium</span> <span class='ocrx_word' id='word_1_211' title='bbox 528 3460 739 3525; x_wconf 87' lang='lat' dir='ltr'>vicecomitis.</span> 
     </span>
    </p>

    <p class='ocr_par' dir='ltr' id='par_1_8' title="bbox 346 3560 1457 4060">
     <span class='ocr_line' id='line_1_29' title="bbox 412 3560 1457 3645; baseline 0.002 -22"><span class='ocrx_word' id='word_1_212' title='bbox 412 3562 547 3626; x_wconf 74' lang='lat' dir='ltr'>Dittonc</span> <span class='ocrx_word' id='word_1_213' title='bbox 577 3561 701 3645; x_wconf 91' lang='lat' dir='ltr'>[Wood</span> <span class='ocrx_word' id='word_1_214' title='bbox 730 3560 875 3644; x_wconf 90' lang='lat' dir='ltr'>Ditton].</span> <span class='ocrx_word' id='word_1_215' title='bbox 922 3560 1086 3624; x_wconf 78' lang='lat' dir='ltr'>Radult&#39;us</span> <span class='ocrx_word' id='word_1_216' title='bbox 1116 3562 1160 3623; x_wconf 86' lang='lat' dir='ltr'>de</span> <span class='ocrx_word' id='word_1_217' title='bbox 1189 3561 1335 3645; x_wconf 90' lang='lat' dir='ltr'>Cameys</span> <span class='ocrx_word' id='word_1_218' title='bbox 1364 3572 1457 3630; x_wconf 85' lang='lat' dir='ltr'>tenet</span> 
     </span>
     <span class='ocr_line' id='line_1_30' title="bbox 349 3663 1455 3747; baseline 0.001 -19"><span class='ocrx_word' id='word_1_219' title='bbox 349 3665 469 3729; x_wconf 86' lang='lat' dir='ltr'>Ditton</span> <span class='ocrx_word' id='word_1_220' title='bbox 492 3666 534 3728; x_wconf 87' lang='lat' dir='ltr'>ad</span> <span class='ocrx_word' id='word_1_221' title='bbox 555 3664 642 3728; x_wconf 89' lang='lat' dir='ltr'>feodi</span> <span class='ocrx_word' id='word_1_222' title='bbox 659 3665 789 3729; x_wconf 89' lang='lat' dir='ltr'>firmam</span> <span class='ocrx_word' id='word_1_223' title='bbox 807 3685 866 3747; x_wconf 88' lang='lat' dir='ltr'>per</span> <span class='ocrx_word' id='word_1_224' title='bbox 881 3686 925 3727; x_wconf 86' lang='lat' dir='ltr'>.x.</span> <span class='ocrx_word' id='word_1_225' title='bbox 941 3664 1042 3727; x_wconf 90' lang='lat' dir='ltr'>libras</span> <span class='ocrx_word' id='word_1_226' title='bbox 1064 3663 1108 3727; x_wconf 92' lang='lat' dir='ltr'>de</span> <span class='ocrx_word' id='word_1_227' title='bbox 1123 3664 1302 3729; x_wconf 86' lang='lat' dir='ltr'>heredibus</span> <span class='ocrx_word' id='word_1_228' title='bbox 1319 3665 1455 3729; x_wconf 87' lang='lat' dir='ltr'>Radulfi</span> 
     </span>
     <span class='ocr_line' id='line_1_31' title="bbox 347 3768 1454 3853; baseline 0.001 -20"><span class='ocrx_word' id='word_1_229' title='bbox 347 3768 404 3833; x_wconf 87' lang='lat' dir='ltr'>filii</span> <span class='ocrx_word' id='word_1_230' title='bbox 423 3770 586 3853; x_wconf 83' lang='lat' dir='ltr'>Hugonis.</span> <span class='ocrx_word' id='word_1_231' title='bbox 632 3771 677 3834; x_wconf 92' lang='lat' dir='ltr'>Et</span> <span class='ocrx_word' id='word_1_232' title='bbox 690 3770 814 3835; x_wconf 92' lang='lat' dir='ltr'>ibidem</span> <span class='ocrx_word' id='word_1_233' title='bbox 826 3781 905 3833; x_wconf 90' lang='lat' dir='ltr'>sunt</span> <span class='ocrx_word' id='word_1_234' title='bbox 917 3791 960 3834; x_wconf 87' lang='lat' dir='ltr'>.x.</span> <span class='ocrx_word' id='word_1_235' title='bbox 975 3770 1055 3833; x_wconf 92' lang='lat' dir='ltr'>hide</span> <span class='ocrx_word' id='word_1_236' title='bbox 1065 3770 1258 3853; x_wconf 87' lang='lat' dir='ltr'>geldabiles.</span> <span class='ocrx_word' id='word_1_237' title='bbox 1304 3771 1350 3834; x_wconf 90' lang='lat' dir='ltr'>Et</span> <span class='ocrx_word' id='word_1_238' title='bbox 1365 3771 1454 3835; x_wconf 84' lang='lat' dir='ltr'>idem</span> 
     </span>
     <span class='ocr_line' id='line_1_32' title="bbox 348 3872 1455 3957; baseline 0 -20"><span class='ocrx_word' id='word_1_239' title='bbox 348 3872 511 3937; x_wconf 82' lang='lat' dir='ltr'>Radulfus</span> <span class='ocrx_word' id='word_1_240' title='bbox 548 3874 649 3938; x_wconf 91' lang='lat' dir='ltr'>debet</span> <span class='ocrx_word' id='word_1_241' title='bbox 687 3896 745 3957; x_wconf 89' lang='lat' dir='ltr'>per</span> <span class='ocrx_word' id='word_1_242' title='bbox 782 3894 908 3938; x_wconf 86' lang='lat' dir='ltr'>annum</span> <span class='ocrx_word' id='word_1_243' title='bbox 947 3873 976 3955; x_wconf 88' lang='lat' dir='ltr'>.j.</span> <span class='ocrx_word' id='word_1_244' title='bbox 1014 3882 1150 3949; x_wconf 87' lang='lat' dir='ltr'>sectam,</span> <span class='ocrx_word' id='word_1_245' title='bbox 1180 3884 1215 3937; x_wconf 88' lang='lat' dir='ltr'>et</span> <span class='ocrx_word' id='word_1_246' title='bbox 1251 3876 1294 3937; x_wconf 89' lang='lat' dir='ltr'>de</span> <span class='ocrx_word' id='word_1_247' title='bbox 1327 3875 1455 3937; x_wconf 90' lang='lat' dir='ltr'>auxilio</span> 
     </span>
     <span class='ocr_line' id='line_1_33' title="bbox 346 3977 901 4060; baseline 0 -19"><span class='ocrx_word' id='word_1_248' title='bbox 346 3977 549 4041; x_wconf 89' lang='lat' dir='ltr'>vicecomitis</span> <span class='ocrx_word' id='word_1_249' title='bbox 573 3978 661 4059; x_wconf 78' lang='lat' dir='ltr'>.iiijs.</span> <span class='ocrx_word' id='word_1_250' title='bbox 686 3998 744 4060; x_wconf 93' lang='lat' dir='ltr'>per</span> <span class='ocrx_word' id='word_1_251' title='bbox 766 3999 901 4042; x_wconf 91' lang='lat' dir='ltr'>annum.</span> 
     </span>
    </p>

    <p class='ocr_par' dir='ltr' id='par_1_9' title="bbox 252 4081 1456 4479">
     <span class='ocr_line' id='line_1_34' title="bbox 252 4081 1455 4165; baseline -0.002 -18"><span class='ocrx_word' id='word_1_252' title='bbox 252 4101 268 4150; x_wconf 85' lang='lat' dir='ltr'>r.</span> <span class='ocrx_word' id='word_1_253' title='bbox 286 4118 332 4165; x_wconf 80' lang='lat'>1⁵0</span> <span class='ocrx_word' id='word_1_254' title='bbox 414 4081 700 4165; x_wconf 76' lang='lat' dir='ltr'>Saxtone[Saxon</span> <span class='ocrx_word' id='word_1_255' title='bbox 718 4085 750 4147; x_wconf 93' lang='lat' dir='ltr'>in</span> <span class='ocrx_word' id='word_1_256' title='bbox 765 4084 876 4147; x_wconf 92' lang='lat' dir='ltr'>Wood</span> <span class='ocrx_word' id='word_1_257' title='bbox 890 4082 1033 4165; x_wconf 90' lang='lat' dir='ltr'>Ditton].</span> <span class='ocrx_word' id='word_1_258' title='bbox 1065 4081 1215 4146; x_wconf 90' lang='lat' dir='ltr'>Thomas</span> <span class='ocrx_word' id='word_1_259' title='bbox 1230 4084 1274 4146; x_wconf 91' lang='lat' dir='ltr'>de</span> <span class='ocrx_word' id='word_1_260' title='bbox 1285 4082 1455 4164; x_wconf 85' lang='lat' dir='ltr'>Valeneys</span> 
     </span>
     <span class='ocr_line' id='line_1_35' title="bbox 346 4185 1456 4270; baseline 0 -20"><span class='ocrx_word' id='word_1_261' title='bbox 346 4197 438 4250; x_wconf 90' lang='lat' dir='ltr'>tenet</span> <span class='ocrx_word' id='word_1_262' title='bbox 462 4185 582 4249; x_wconf 90' lang='lat' dir='ltr'>Ditton</span> <span class='ocrx_word' id='word_1_263' title='bbox 606 4188 649 4249; x_wconf 90' lang='lat' dir='ltr'>de</span> <span class='ocrx_word' id='word_1_264' title='bbox 672 4186 771 4250; x_wconf 83' lang='lat' dir='ltr'>feodo</span> <span class='ocrx_word' id='word_1_265' title='bbox 794 4187 939 4270; x_wconf 90' lang='lat' dir='ltr'>Cameys</span> <span class='ocrx_word' id='word_1_266' title='bbox 962 4208 1022 4270; x_wconf 89' lang='lat' dir='ltr'>per</span> <span class='ocrx_word' id='word_1_267' title='bbox 1043 4186 1219 4249; x_wconf 86' lang='lat' dir='ltr'>servicium</span> <span class='ocrx_word' id='word_1_268' title='bbox 1247 4187 1390 4249; x_wconf 89' lang='lat' dir='ltr'>militare</span> <span class='ocrx_word' id='word_1_269' title='bbox 1411 4187 1456 4251; x_wconf 87' lang='lat' dir='ltr'>de</span> 
     </span>
     <span class='ocr_line' id='line_1_36' title="bbox 346 4290 1453 4372; baseline -0.003 -17"><span class='ocrx_word' id='word_1_270' title='bbox 346 4292 471 4355; x_wconf 91' lang='lat' dir='ltr'>honore</span> <span class='ocrx_word' id='word_1_271' title='bbox 499 4291 721 4355; x_wconf 91' lang='lat' dir='ltr'>Richmondie</span> <span class='ocrx_word' id='word_1_272' title='bbox 746 4292 872 4356; x_wconf 91' lang='lat' dir='ltr'>scilicet</span> <span class='ocrx_word' id='word_1_273' title='bbox 896 4291 993 4355; x_wconf 84' lang='lat' dir='ltr'>feoda</span> <span class='ocrx_word' id='word_1_274' title='bbox 1016 4292 1069 4372; x_wconf 83' lang='lat' dir='ltr'>.iij.</span> <span class='ocrx_word' id='word_1_275' title='bbox 1093 4290 1246 4367; x_wconf 90' lang='lat' dir='ltr'>militum,</span> <span class='ocrx_word' id='word_1_276' title='bbox 1268 4299 1303 4353; x_wconf 92' lang='lat' dir='ltr'>et</span> <span class='ocrx_word' id='word_1_277' title='bbox 1329 4290 1453 4353; x_wconf 89' lang='lat' dir='ltr'>ibidein</span> 
     </span>
     <span class='ocr_line' id='line_1_37' title="bbox 346 4392 1454 4479; baseline -0.004 -18"><span class='ocrx_word' id='word_1_278' title='bbox 346 4406 423 4460; x_wconf 88' lang='lat' dir='ltr'>sunt</span> <span class='ocrx_word' id='word_1_279' title='bbox 446 4416 483 4457; x_wconf 92' lang='lat' dir='ltr'>.v.</span> <span class='ocrx_word' id='word_1_280' title='bbox 506 4394 584 4458; x_wconf 90' lang='lat' dir='ltr'>hide</span> <span class='ocrx_word' id='word_1_281' title='bbox 607 4404 693 4458; x_wconf 90' lang='lat' dir='ltr'>terre</span> <span class='ocrx_word' id='word_1_282' title='bbox 719 4396 910 4479; x_wconf 83' lang='lat' dir='ltr'>geldabiles</span> <span class='ocrx_word' id='word_1_283' title='bbox 957 4395 1002 4458; x_wconf 86' lang='lat' dir='ltr'>Et</span> <span class='ocrx_word' id='word_1_284' title='bbox 1032 4394 1156 4458; x_wconf 89' lang='lat' dir='ltr'>ibidem</span> <span class='ocrx_word' id='word_1_285' title='bbox 1187 4396 1275 4458; x_wconf 91' lang='lat' dir='ltr'>idem</span> <span class='ocrx_word' id='word_1_286' title='bbox 1304 4392 1454 4457; x_wconf 90' lang='lat' dir='ltr'>Thomas</span> 
     </span>
    </p>
   </div>
   <div class='ocr_carea' id='block_1_6' title="bbox 0 0 1623 5059">
    <p class='ocr_par' dir='ltr' id='par_1_10' title="bbox 0 0 1623 5059">
     <span class='ocr_line' id='line_1_38' title="bbox 0 0 1623 5059; baseline 0 0"><span class='ocrx_word' id='word_1_287' title='bbox 0 0 1623 5059; x_wconf 95' lang='lat' dir='ltr'> </span> 
     </span>
    </p>
   </div>
  </div>
 </body>
</html>
