3234 5059
162 351 224 452 111]
374 355 558 454 deposzi‘ed
577 360 621 456 by
650 357 821 458 Geoffrey
845 358 888 431 de
914 359 1054 432 Bancis
1195 382 1265 450 149

161 551 195 606 et
220 543 432 608 Conuentum
459 545 552 609 citari
580 566 641 628 pro
663 547 782 609 eadem
806 546 948 628 pecunia
971 565 1082 609 coram
1106 545 1267 628 magistro
1278 553 1336 645 ᾗ
1330 553 1429 646 mig

163 645 365 728 Reymundo
387 650 430 712 de
454 649 609 732 Nogerijs
631 651 757 714 domini
780 653 870 734 Pape
891 651 1064 733 capellano
1084 671 1123 713 ac
1144 650 1266 712 nuncio
1278 660 1416 746 {2522ssth

160 751 250 832 apud
268 751 403 815 Nouum
417 752 606 835 Templum,
622 754 773 817 London.
815 755 931 837 Ibique
947 754 1015 817 lata
1029 764 1079 818 est
1096 755 1266 818 sentencia
1280 753 1389 846 fffio·

161 853 338 918 diffinitiua
353 877 412 938 per
426 857 497 920 eius
512 858 777 921 commissarium
793 858 827 920 in
844 858 906 921 hec
921 857 1030 921 verba.

580 1015 695 1078 ‚xviii
719 1013 841 1078 Marce.

213 1139 287 1193 Acta
307 1141 382 1210 apud
404 1158 508 1196 nouum
531 1141 683 1212 Templum
706 1141 826 1194 London
846 1140 975 1210 proximo
995 1139 1041 1194 die
1059 1138 1181 1208 juridico
1201 1140 1431 1234 postgtclctggptot

160 1225 262 1281 festum
287 1228 362 1283 beati
386 1229 548 1284 Eadmundi
570 1227 798 1299 Archiepiscopi¹
820 1245 896 1282 anno
917 1227 1024 1282 domini
1046 1227 1266 1281 .m⁰.cc⁰.lxx⁰.
1279 1241 1390 1284 novem-

160 1315 267 1386 quinto,
289 1335 385 1372 coram
409 1319 491 1374 nobis
514 1320 642 1374 Gerardo
666 1321 701 1373 de
724 1319 850 1386 Camins,
871 1316 1039 1372 venerabilis
1060 1316 1114 1371 uiri
1137 1316 1265 1384 magistri
1278 1292 1397 1344 mmm·

161 1404 322 1473 Reymundi
335 1406 370 1460 de
385 1408 526 1478 NogeriJs,
539 1408 645 1462 domini
657 1424 731 1478 pape
744 1406 892 1477 capellani,
904 1405 1059 1476 apostolice
1072 1405 1147 1459 sedis
1160 1405 1264 1475 nuncii,

160 1491 188 1545 in
206 1493 311 1561 Anglia
328 1494 531 1550 Commissario
549 1496 680 1565 generali,
694 1495 722 1550 in
741 1512 829 1550 causa
847 1511 896 1549 seu
915 1494 1033 1563 negocio
1051 1511 1107 1563 que
1125 1493 1170 1548 uel
1189 1494 1264 1565 quod

160 1580 277 1632 uertitur
290 1579 362 1634 inter
377 1580 522 1650 dominum
536 1583 693 1638 Gallridum
710 1584 746 1638 de
765 1585 879 1637 Mortuo
898 1581 971 1635 Mari
988 1589 1164 1636 executorem
1181 1590 1265 1635 testa·

159 1667 248 1721 menti
262 1667 369 1722 domini
384 1669 503 1724 Galiridi
520 1671 555 1724 de
573 1663 677 1728 Bairos
694 1670 791 1724 militis
808 1669 941 1735 defuncti,
955 1667 1064 1738 negocij
1082 1678 1154 1723 terre
1167 1679 1264 1723 sancte

160 1764 358 1824 promotorem,
372 1774 422 1826 per
434 1758 606 1813 Willelmum
622 1759 705 1828 Bigot
717 1758 851 1813 clericum
867 1767 1077 1828 procuratorem
1094 1773 1176 1810 suum
1188 1756 1265 1826 apud

159 1844 308 1911 registrum
325 1857 453 1899 nostrum
472 1847 596 1914 legitime
614 1847 797 1901 constitutum
817 1854 1027 1916 comparentem
1045 1861 1080 1899 ex
1097 1854 1177 1914 parte
1189 1861 1265 1908 vna;

159 1941 187 1984 et
209 1932 354 2001 religiosos
376 1933 451 1989 viros
475 1935 601 1990 Priorem
622 1945 650 1989 et
672 1936 851 1989 Conuentum
875 1934 912 1988 de
938 1933 1109 1988 Bemewelle
1134 1932 1265 2000 Elyensis

161 2020 299 2089 Dyocesis
308 2037 358 2090 per
367 2023 532 2091 magistrum
543 2023 715 2078 Willelmum
726 2023 761 2077 de
773 2021 900 2076 Noruico
913 2022 1045 2076 clericum
1054 2031 1265 2091 procuratorem

159 2123 257 2161 eorum
278 2109 402 2179 legitime
424 2111 607 2166 constitutum
628 2120 824 2181 comparentes
843 2127 877 2164 ex
896 2111 1002 2164 altera:
1025 2108 1165 2176 videlicet,
1183 2109 1264 2164 lectis

159 2197 357 2267 procuratorijs
373 2198 439 2252 hinc
457 2199 530 2263 inde,
544 2206 571 2252 et
588 2215 685 2253 eorum
703 2199 785 2269 copia
801 2198 923 2264 decreta,
940 2206 968 2250 et
985 2196 1038 2250 sub
1056 2195 1149 2265 sigillo
1167 2207 1265 2251 nostro

159 2294 282 2354 optenta,
295 2287 489 2358 ratificataque
502 2288 637 2342 caucione
653 2288 842 2358 quadraginta
858 2287 1013 2342 solidorum
1028 2285 1129 2339 ultimo
1145 2284 1192 2340 die
1208 2285 1265 2339 litis

159 2389 209 2442 per
230 2373 397 2441 magistrum
415 2375 576 2444 Johannem
600 2376 635 2429 de
659 2375 734 2442 Lacy
756 2391 806 2443 pro
828 2372 936 2428 eisdem
958 2372 1096 2442 religiosis
1117 2372 1264 2443 exposita3

159 2471 289 2532 essetque
306 2462 367 2516 dies
384 2463 466 2517 datus
483 2464 555 2532 parti
572 2479 669 2516 eorum
686 2462 826 2516 dictorum
842 2461 1036 2530 religiosorum
1052 2460 1090 2515 ad
1104 2471 1263 2515 contestan-

159 2549 226 2603 dum
240 2551 356 2620 precise,
369 2551 486 2606 articulo
499 2551 607 2606 eisdem
619 2551 696 2620 prius
709 2566 760 2620 per
772 2561 882 2620 partem
894 2551 963 2604 dicti
980 2550 1136 2605 executoris
1151 2550 1263 2618 tradito,
1276 2547 1293 2596 f·
1307 2548 1362 2611 sab

159 2635 288 2708 lectoque
305 2655 401 2692 coram
418 2637 499 2694 nobis
517 2639 578 2709 ipso
596 2638 732 2702 articulo;
756 2649 866 2693 etcum
883 2639 913 2692 in
929 2637 1029 2692 eodem
1042 2647 1203 2708 peterentur
1213 2654 1264 2706 per

159 2735 268 2794 partem
285 2726 353 2781 dicti
371 2728 525 2783 executoris
543 2729 656 2781 nomine
673 2736 746 2781 terre
762 2737 860 2781 sancte
877 2743 895 2780 a
909 2725 992 2780 dictis
1009 2725 1146 2792 religiosis
1163 2725 1263 2780 decem

159 2825 187 2868 et
205 2825 270 2868 octo
289 2833 391 2884 marce,
410 2816 509 2885 viginti
530 2827 559 2871 et
579 2816 689 2870 duobus
708 2815 831 2883 denariis
850 2813 952 2880 minus,
971 2830 1005 2867 ex
1026 2830 1113 2867 causa
1134 2813 1264 2883 depositi,

158 2919 192 2957 ac
212 2919 296 2973 super
312 2905 366 2958 hoc
383 2923 418 2960 ex
436 2915 515 2975 parte
533 2905 601 2959 dicti
620 2904 775 2960 executoris
792 2914 868 2958 esset
885 2903 1030 2974 quoddam
1047 2901 1263 2957 instrumentum

159 2991 357 3060 obligatorium
386 2993 478 3062 sigillo
505 2993 648 3047 communi
672 2993 812 3046 dictorum
837 2991 1031 3059 religiosorum
1056 2988 1209 3058 sigillatum
1233 2990 1262 3043 in

159 3079 294 3134 iudicium
318 3081 481 3148 exhibitum,
503 3091 531 3136 et
553 3079 679 3134 eiusdem
704 3081 788 3151 copia
809 3079 881 3150 parti
906 3079 1045 3133 dictorum
1069 3077 1263 3147 religiosorum

158 3167 271 3224 decreta
284 3179 311 3224 et
324 3169 377 3224 sub
390 3169 480 3239 sigillo
490 3180 587 3224 nostro
597 3180 725 3240 optenta:
740 3171 907 3224 Procurator
916 3167 1055 3223 dictorum
1068 3165 1263 3235 religiosorum

158 3273 254 3311 coram
267 3255 349 3311 nobis
362 3257 391 3310 in
405 3255 507 3311 iudicio
519 3256 643 3324 legitime
655 3257 824 3310 constitutus
834 3254 1021 3309 confitebatur
1029 3269 1161 3322 expresse
1170 3252 1263 3306 dictos

158 3345 289 3398 dominos
302 3361 368 3399 suos
382 3357 409 3399 et
420 3361 459 3412 se,
468 3344 592 3414 ipsorum
607 3344 727 3412 nomine,
737 3343 766 3398 in
775 3342 909 3414 predictis
921 3341 1021 3396 decem
1033 3349 1062 3396 et
1075 3350 1139 3395 octo
1151 3341 1263 3406 marcis,

157 3433 257 3503 viginti
276 3444 304 3487 et
323 3433 432 3487 duobus
451 3433 573 3502 denarijs
592 3433 693 3499 minus,
713 3433 841 3502 superius
862 3429 964 3501 petitis,
983 3429 1067 3483 nobis
1087 3439 1115 3484 et
1135 3429 1263 3499 predicto

158 3521 305 3589 executori,
326 3522 439 3576 nomine
457 3531 529 3576 terre
548 3531 645 3577 sancte
664 3539 697 3576 ex
714 3537 800 3575 causa
817 3519 961 3575 antedicta
976 3517 1084 3584 teneri;
1108 3529 1137 3574 et
1155 3518 1263 3572 dictum

158 3609 375 3665 instrumentum
387 3609 584 3678 obligatorium
597 3625 693 3663 coram
707 3609 788 3663 nobis
800 3607 955 3662 exhibitum
968 3623 1031 3662 esse
1045 3605 1262 3662 instrumentum

159 3698 297 3752 dictorum
310 3697 488 3752 dominorum
502 3713 614 3752 suorum
627 3716 634 3761 ;
653 3708 681 3752 et
694 3697 818 3767 sigillum
830 3696 924 3751 eidem
936 3711 1093 3766 appensum
1106 3710 1168 3749 esse
1185 3692 1261 3763 sigil-

158 3786 216 3842 lum
233 3804 382 3842 commune
400 3786 577 3840 dominorum
596 3801 710 3839 suorum
727 3784 935 3854 predictorum
957 3792 985 3838 et
1003 3783 1099 3837 omnia
1110 3791 1139 3836 et
1151 3781 1262 3850 singula

158 3874 188 3929 in
199 3875 276 3930 dicto
290 3877 475 3930 instrumento
488 3884 621 3928 contenta
633 3889 699 3926 vera
712 3888 774 3926 esse
786 3889 793 3935 ;
811 3871 886 3924 vnde
898 3887 951 3925 nos
968 3869 1056 3940 ipsius
1072 3869 1263 3939 procuratoris

158 3962 349 4018 consessiones
367 3963 395 4016 in
412 3963 466 4017 hac
482 3973 562 4033 parte
579 3962 676 4028 secuti,
690 3959 832 4030 predictos
849 3959 994 4027 religiosos
1011 3957 1039 4011 in
1052 3972 1207 4028 personam
1219 3956 1262 4009 sui

157 4053 345 4122 procuratoris
358 4061 386 4106 et
399 4051 505 4106 dictum
518 4059 727 4120 procuratorem
740 4047 769 4101 in
782 4064 919 4117 personas
932 4045 1071 4101 dictonrm
1084 4043 1262 4098 dominorum

158 4157 274 4194 suorum
287 4141 314 4194 in
329 4139 463 4210 predictis
482 4139 581 4192 decem
600 4147 627 4191 et
646 4148 708 4190 octo
728 4136 838 4202 marcis,
851 4133 950 4204 viginti
968 4143 994 4187 et
1012 4133 1123 4186 duobus
1139 4130 1261 4185 denariis
1275 4147 1363 4190 'chere

158 4229 259 4294 minus,
273 4226 355 4281 nobis
368 4236 416 4280 aut
429 4225 556 4296 predicto
567 4223 708 4280 executori
722 4223 837 4276 nomine
853 4230 926 4276 terre
943 4230 1041 4274 sancte
1057 4219 1104 4272 die
1120 4218 1263 4272 dominica
1276 4198 1359 4240 ’Μ’
1369 4210 1411 4240 ‘¹‘

584 4413 593 4445 ¹
615 4415 643 4466 16
655 4415 806 4465 November.
