3234 5059
355 383 421 452 152
619 357 657 430 T
652 357 696 430 he
725 355 954 457 Chaplaz'ncy
977 370 1020 433 at
1043 360 1190 437 Borion
1333 358 1455 460 [uoon

184 557 295 649 maren·
349 547 392 610 de
430 545 665 628 Metingham,
704 544 857 627 Rogerus
895 545 1080 629 Loueday⁸,
1117 558 1152 612 et
1196 548 1379 612 Nicholaus
1422 548 1455 611 le

186 657 238 749 ¹03
256 657 305 699 ⁰¹¹²
350 649 457 715 Gras³.

484 925 534 992 72.
580 909 746 974 Placitum
769 921 881 976 contra
907 911 1093 975 Gonnoram
1115 913 1155 976 de
1174 912 1319 977 Bertone.

185 1035 301 1141 {vigim
415 1065 602 1128 Willelmus
624 1065 668 1128 de
691 1064 811 1128 Thane
833 1064 983 1129 ieoiiauit
1009 1067 1155 1130 Priorem
1179 1077 1214 1130 et
1240 1067 1452 1132 Conuentum

186 1148 337 1252 ῗξᾷῗῆῗζῗ
349 1169 392 1232 de
408 1167 609 1232 Bemewelle
624 1168 667 1232 de
682 1167 883 1250 quibusdam
896 1170 990 1232 terris
1002 1180 1036 1233 et
1048 1169 1247 1233 tenementis
1262 1170 1296 1231 in
1309 1169 1453 1233 Bertone

187 1250 289 1292 ΨΜ·
349 1272 392 1336 ad
416 1273 653 1336 inueniendum
677 1273 859 1354 quemdam
882 1273 1092 1355 capellanum
1116 1285 1313 1357 perpetuum
1339 1274 1453 1337 diuina

216 1403 290 1444 unce
350 1397 410 1460 pro
440 1397 480 1440 eo
510 1376 733 1440 celebrantem
765 1377 797 1438 in
829 1375 968 1441 ecclesia
997 1378 1040 1441 de
1071 1377 1222 1442 Bertone.
1284 1377 1329 1440 Et
1362 1379 1453 1441 Prior

183 1401 358 1495 diationis.
419 1480 425 1492 .
469 1479 475 1492 .
517 1479 559 1492 ..
1186 1483 1193 1494 ,

187 1489 493 1555 nppotnted.1nstttutt
516 1479 639 1542 rbtdem
664 1478 845 1560 quemdam
869 1479 1076 1561 capellanum
1102 1501 1238 1545 nomme
1263 1481 1452 1563 Johannem

349 1584 391 1648 de
415 1583 577 1649 Grettone
599 1585 642 1648 ad
667 1584 856 1648 iaciendum
883 1586 1010 1648 dictum
1038 1587 1223 1663 seruicium‚
1246 1596 1280 1651 et
1303 1585 1452 1650 feoffauit

349 1710 426 1753 eum
452 1688 496 1752 ad
523 1689 701 1752 terminum
726 1690 793 1752 vite
819 1688 862 1753 de
888 1699 975 1753 terra
1001 1699 1035 1752 et
1060 1690 1261 1753 tenementis
1288 1691 1451 1774 predictis.

185 1795 330 1888 ffigffi
352 1792 390 1854 ln
412 1792 529 1855 itinere
550 1811 629 1854 uero
650 1791 904 1855 iusticiariorum
921 1793 1011 1855 venit
1029 1791 1188 1855 Gonnora
1208 1813 1273 1874 que
1290 1793 1350 1856 fuit
1366 1813 1453 1855 uxor

186 1895 323 1938 ¹⁸⁶¹⁸¹¹²¹t⁶
351 1895 521 1978 Radulphi
556 1896 587 1958 le
624 1896 713 1958 Lord
745 1906 779 1959 et
809 1896 885 1959 tulit
916 1897 1016 1959 breue
1047 1896 1149 1978 Regis
1179 1917 1279 1978 super
1308 1898 1450 1960 eundem

186 1947 337 2039 ‘'lgm-⁸
349 2000 557 2082 capellanum
583 2009 644 2064 etc.

186 2145 314 2216 mizept
401 2136 508 2203 Assysa
517 2135 595 2188 uenit
604 2137 784 2204 recognitura
793 2134 817 2188 si
829 2135 950 2189 lsabella
962 2151 1018 2204 qne
1030 2136 1082 2189 luit
1091 2151 1159 2188 vxor
1170 2136 1286 2189 Roberti
1299 2137 1326 2189 le
1335 2135 1452 2190 Chaste-

187 2203 250 2239 Μ
263 2197 278 2239 ἀ
290 2206 335 2238 ¹¹²¹
348 2223 421 2292 leyn,
436 2233 527 2276 mater
540 2223 673 2277 Gonnore
686 2223 742 2276 filie
757 2223 885 2290 lsabelle,
895 2240 950 2293 que
962 2224 1014 2278 fuit
1026 2240 1095 2277 uxor
1108 2222 1223 2277 Roberti
1237 2225 1263 2277 le
1273 2223 1452 2291 Chasteleyn,

348 2320 377 2364 et
389 2310 454 2364 auia
467 2310 658 2365 Bartholomei
671 2309 720 2364 filii
733 2311 868 2379 ladreyne
880 2310 915 2364 de
929 2311 1062 2379 Graueny
1074 2310 1126 2364 suit
1143 2309 1248 2379 seysita
1264 2311 1293 2364 in
1310 2311 1453 2364 dominico

185 2397 298 2489 ilfi-”31¹⁸
348 2415 400 2452 suo
413 2407 443 2451 ut
456 2397 491 2452 de
504 2397 588 2452 feodo
605 2400 640 2451 de
658 2397 808 2452 duodecim
826 2398 899 2451 acris
916 2407 988 2452 terre
1005 2414 1070 2452 cnm
1087 2397 1267 2468 pertinenciis
1285 2397 1313 2450 in
1332 2398 1453 2452 Bertone

186 2459 328 2540 diffiniri
348 2485 393 2538 die
412 2501 468 2554 quo
486 2494 540 2539 etc.
559 2494 588 2539 et
606 2485 628 2537 si
647 2495 698 2538 etc.
719 2501 789 2555 quas
807 2485 954 2554 Johannes
973 2486 1009 2539 de
1029 2485 1165 2540 Grettone
1184 2486 1348 2556 capellanus
1368 2496 1451 2540 tenet.

187 2547 283 2590 “m‘'
350 2573 404 2643 Qui
422 2574 499 2627 uenit
515 2583 543 2628 et
561 2572 631 2627 alias
648 2573 713 2628 inde
730 2574 845 2628 uocauit
861 2573 899 2626 ad
915 2585 1070 2628 warantum
1089 2575 1214 2627 Priorem
1229 2575 1265 2629 de
1284 2575 1453 2628 Bemewelle

349 2662 397 2732 qui
410 2662 496 2716 modo
509 2661 586 2715 uenit
598 2678 648 2731 per
660 2662 914 2716 summonicionem
926 2672 954 2715 et
967 2662 992 2716 ei
1005 2661 1201 2716 warantizanit.
1239 2665 1277 2717 Et
1289 2663 1452 2717 concordati

349 2761 413 2805 sunt
437 2767 488 2821 per
511 2749 667 2805 licenciam.
705 2751 742 2804 Et
768 2751 906 2804 Gonnora
928 2760 956 2804 et
978 2751 1193 2805 Bartholomeus
1215 2752 1284 2806 dant
1305 2751 1454 2806 dimidiam

349 2856 474 2894 marcam
494 2856 545 2909 pro
563 2838 682 2893 licencia
700 2839 901 2893 concordandi.
951 2841 988 2892 Et
1006 2850 1048 2894 est
1070 2840 1273 2895 concordantia
1294 2842 1358 2895 talis
1376 2841 1453 2912 quod

349 2929 474 2998 predicta
488 2929 623 2983 Gonnora
635 2938 662 2982 et
677 2927 893 2981 Bartholomens
909 2938 1131 2997 recognouerunt
1148 2929 1275 2998 predicta
1292 2939 1454 2984 tenementa

349 3032 413 3069 cum
426 3015 605 3085 pertinencijs
619 3031 681 3070 esse
690 3015 737 3084 jus
751 3015 840 3085 ipsius
853 3015 956 3069 Prioris
970 3025 997 3068 et
1009 3016 1128 3069 ecclesie
1140 3032 1190 3070 sue
1203 3017 1293 3070 sancti
1308 3016 1403 3084 Egidij
1417 3017 1453 3070 de

350 3104 520 3158 Bemewelle
536 3113 565 3158 et
583 3103 630 3156 illa
647 3101 822 3168 remiserunt,
836 3113 864 3156 et
882 3102 1006 3172 quietum
1024 3102 1216 3156 clamauerunt
1234 3104 1270 3158 de
1286 3120 1317 3158 se
1333 3113 1362 3158 et
1375 3105 1453 3158 here-

349 3191 431 3247 dibus
442 3192 566 3262 ipsorum
578 3191 711 3244 Gonnore
721 3199 749 3244 et
761 3187 953 3244 Bartholomei
966 3188 1092 3259 predicto
1107 3191 1195 3244 Priori
1206 3199 1233 3245 et
1243 3190 1453 3245 successoribus

349 3278 406 3333 suis
419 3288 448 3332 et
460 3278 578 3352 ecclesie
591 3294 639 3331 sue
651 3277 856 3347 inperpetuum.

187 3384 317 3433 elxam.
403 3368 533 3422 Preterea
553 3365 640 3420 iidem
663 3367 798 3420 Gonnora
819 3376 848 3420 et
871 3366 1086 3421 Bartholomeus
1110 3369 1270 3422 concedunt
1295 3385 1345 3439 pro
1370 3386 1401 3423 se
1425 3378 1453 3422 et

185 3433 326 3527 ffl‘fssffl
348 3455 499 3510 heredibus
515 3455 640 3525 ipsorum
654 3455 787 3509 Gonnore
803 3467 832 3507 et
851 3453 1041 3508 Bartholomei
1058 3455 1135 3524 quod
1152 3473 1200 3510 sex
1216 3473 1281 3511 acre
1298 3467 1371 3511 terre
1387 3475 1453 3511 cnm

186 3541 261 3578 “²²⁰
349 3539 528 3611 pertinenciis
547 3539 575 3592 in
594 3539 717 3593 Bertone
733 3555 805 3609 quas
821 3539 966 3607 Johannes
982 3538 1019 3593 de
1038 3539 1266 3609 Metheringham
1283 3551 1311 3594 et
1331 3542 1454 3596 isabella

184 3591 315 3678 iirxeitntdr.
350 3645 416 3682 vxor
424 3628 483 3681 eius
491 3635 588 3680 tenent
596 3625 624 3678 in
633 3626 729 3680 dotem
737 3624 826 3695 ipsius
836 3625 956 3680 lsabelle
965 3625 1310 3697 dehereditate⁴ipsorum
1320 3627 1453 3684 Gonnore

396 3767 405 3799 ¹
421 3768 489 3832 John
504 3767 536 3815 de
552 3766 710 3832 Metingham
724 3764 759 3830 (in
775 3765 883 3831 Suliollr)
895 3783 947 3817 was
962 3766 1036 3817 made
1051 3783 1067 3815 a
1079 3767 1156 3832 jndge
1171 3767 1201 3818 oi
1213 3768 1257 3817 the
1270 3769 1361 3834 King’s
1371 3771 1453 3820 bench

347 3851 371 3900 in
396 3849 464 3914 1276.
501 3851 542 3898 He
562 3865 613 3898 was
633 3848 709 3898 iound
729 3849 848 3898 innocent
867 3850 894 3900 in
914 3852 976 3915 ¹²⁸9
992 3849 1042 3898 and
1062 3849 1178 3914 presided
1194 3865 1254 3900 over
1270 3851 1313 3900 the
1332 3851 1411 3901 Court
1427 3852 1458 3901 of

348 3933 472 3982 Common
485 3933 557 3981 Pleas
568 3931 607 3980 till
618 3930 657 3980 his
668 3931 743 3980 death
755 3930 781 3979 in
796 3947 865 3996 ¹30¹·

396 4012 407 4045 ²
424 4015 508 4078 Roget
524 4012 644 4077 Loveday
654 4027 705 4061 was
722 4013 860 4078 appointed
877 4029 892 4063 a
904 4014 994 4078 justice
1009 4014 1126 4063 itinerant
1137 4015 1163 4062 in
1175 4012 1190 4063 6
1203 4014 1276 4063 Edw.
1289 4015 1320 4075 1.,
1334 4031 1367 4064 an
1382 4015 1453 4065 office

349 4098 431 4148 which
442 4097 475 4146 he
486 4096 546 4146 held
558 4096 595 4145 till
610 4112 639 4157 14
651 4097 723 4145 Edw.
740 4097 762 4144 Ι.
797 4098 829 4146 ln
841 4097 883 4147 the
894 4097 1024 4162 following
1034 4113 1092 4161 year
1102 4098 1135 4147 he
1146 4098 1213 4146 died.

396 4177 407 4210 ³
424 4178 545 4228 Nicholas
562 4179 585 4228 le
601 4178 666 4228 Gras
683 4194 734 4228 was
750 4180 888 4244 appointed
904 4196 920 4228 a
933 4181 1024 4244 justice
1040 4181 1158 4230 itinerant
1175 4198 1189 4246 3
1206 4182 1272 4245 Aug.
1292 4185 1364 4244 1285.
1397 4182 1453 4233 The

348 4264 403 4312 writ
418 4263 447 4311 oi
462 4261 597 4312 Summons
610 4261 648 4311 ior
664 4262 713 4312 this
728 4263 815 4313 Assize
828 4263 850 4312 is
864 4263 939 4313 dated
956 4279 988 4325 ²4
1001 4264 1083 4328 April,
1100 4265 1171 4314 1286.
1208 4266 1334 4315 calendar
1344 4266 1376 4330 os
1386 4266 1454 4316 close

349 4345 427 4406 Rolls,
441 4345 548 4394 Edw.1.
561 4343 743 4409 (tayo-1288)
756 4361 781 4410 p.
793 4355 850 4406 417.

398 4426 408 4457 ⁴
425 4427 566 4483 heredibus.
579 4426 637 4478 MS.
