3234 5059
628 139 643 176 N

166 331 229 430 111]
414 337 659 436 Rosignotion
684 337 733 435 os
748 339 872 414 Prior
887 339 1009 439 solon
1200 356 1268 430 127

165 538 242 582 nem
264 519 387 585 factam
408 522 500 604 apud
516 523 728 606 Wygenhale
748 525 791 588 de
807 545 875 608 qua
889 525 1040 608 superius
1056 524 1183 588 dictum
1198 527 1273 586 est¹.

166 621 318 707 Precepit
338 625 439 708 igitur
460 627 553 692 Prior
569 628 730 711 magistro
751 628 893 711 Symoni
910 629 952 693 de
968 628 1113 705 Ascelle‚
1127 628 1185 711 qui
1201 634 1272 690 erat

165 735 245 791 tunc
266 731 427 813 temporis
449 731 668 810 Camerarius,
691 734 781 816 quod
806 735 917 798 eidem
938 735 1077 798 domino
1097 729 1272 816 J[ohanni]

166 835 356 914 prouideret
385 837 428 900 de
458 837 606 920 quodam
636 858 732 921 equo.
787 839 838 903 At
867 837 932 916 ille,
962 847 1120 921 precepto
1151 835 1273 900 Prioris

165 944 410 1021 optemperans,
425 959 528 1005 vnum
550 961 650 1024 equm
667 951 860 1006 veteranum
878 961 1038 1024 magnum
1054 951 1088 1006 et
1104 939 1273 1005 macillen-

166 1049 237 1104 tum
253 1063 354 1124 quem
370 1054 449 1108 tunc
466 1045 574 1110 solum
591 1047 753 1110 habuerat
769 1047 884 1111 statim
902 1047 991 1110 misit
1006 1047 1125 1110 eidem.
1161 1043 1271 1127 Quem

166 1145 283 1209 uidens
304 1148 461 1211 dominus
479 1148 651 1230 Johannes
672 1160 706 1213 et
727 1150 783 1232 qui
801 1171 876 1213 cum
892 1171 934 1214 eo
948 1159 1043 1214 erant
1058 1149 1272 1214 exclamaue-

166 1259 242 1314 runt
268 1251 436 1317 dicentes:
476 1252 565 1316 Vnde
591 1254 681 1318 uenit
706 1254 766 1318 r'ste
786 1253 935 1318 diabolus
956 1252 1183 1317 inueteraturl
1227 1251 1272 1314 Et

166 1373 241 1417 curn
258 1357 421 1420 cachinno
437 1376 561 1440 magno
573 1358 700 1420 dictum
714 1377 836 1439 equum
850 1357 1063 1435 circuierunt;
1086 1357 1141 1439 aiij
1154 1357 1272 1420 dentes

166 1457 236 1521 eius
252 1459 485 1538 ostendentes;
506 1460 560 1542 alij
578 1459 688 1542 capud
704 1470 738 1524 et
754 1461 891 1524 dorsum
907 1461 1062 1524 manibus
1074 1461 1271 1543 palpantes;

166 1561 223 1644 aiij
242 1583 323 1626 uero
339 1584 398 1647 per
412 1565 554 1628 caudam
571 1565 681 1647 ipsum
699 1564 856 1628 miserum
873 1563 1062 1641 trahentes;
1086 1564 1142 1645 alij
1158 1571 1272 1627 autem

166 1687 242 1730 cum
264 1671 387 1734 aculeis
408 1671 517 1752 ipsum
540 1679 738 1753 pungentes,
754 1679 788 1733 et
808 1670 852 1732 ad
874 1669 1175 1733 recalcitracionem
1199 1689 1272 1750 pro-

167 1781 333 1836 uocantes.
353 1772 423 1854 Alij
438 1772 606 1837 dicebant:
621 1772 828 1848 Excorietnr;
844 1771 915 1853 aiij:
934 1771 1158 1838 comburatur.
1182 1770 1271 1854 Quid

167 1875 286 1957 plura?
343 1877 511 1940 Dominus
541 1877 713 1958 Johannes
744 1877 892 1960 precepit
922 1886 959 1940 ut
989 1875 1200 1940 reduceretur
1229 1873 1273 1937 ad

167 1979 277 2043 locum
309 1980 399 2044 unde
429 1989 574 2044 uenerat
622 1980 667 2044 Et
695 1991 771 2063 post
798 2001 923 2064 paucos
950 1980 1020 2045 dies
1047 1981 1137 2044 misit
1164 1981 1273 2044 dictus

166 2083 322 2147 dominus
357 2083 557 2167 J[ohannes]
594 2083 734 2146 militem
771 2103 875 2147 unum
911 2084 955 2147 de
990 2083 1116 2146 familia
1148 2103 1209 2146 sua
1239 2092 1273 2146 et

168 2188 331 2269 quosdam
368 2188 461 2265 alios,
495 2189 644 2251 dicentes
680 2187 723 2250 ad
763 2187 931 2250 Priorem:
970 2186 1133 2250 Dominus
1170 2197 1277 2250 nostor

167 2291 318 2356 dominus
333 2291 365 2376 J
366 2291 533 2375 [ohannes]
556 2291 596 2354 de
616 2291 729 2374 Burgo
751 2290 846 2353 misit
866 2310 923 2353 nos
944 2290 993 2352 ad
1011 2300 1042 2353 te
1061 2290 1168 2354 dicem
1190 2291 1279 2373 quod

168 2416 230 2458 non
252 2397 437 2473 salutatio,
459 2417 514 2460 nec
535 2396 597 2460 tibi
618 2397 823 2478 regracratur
841 2395 881 2458 de
903 2415 980 2478 equo
1004 2396 1106 2458 ueteri
1127 2415 1219 2478 quem
1244 2396 1277 2459 ci

166 2500 384 2565 accomodasti.
430 2500 577 2564 Mandat
606 2501 713 2584 agitur
741 2499 802 2563 tibi
829 2499 916 2582 quod
942 2498 1056 2562 mittas
1080 2498 1112 2562 ei
1135 2498 1277 2562 celeriter
1288 2522 1355 2564 now
1363 2522 1405 2563 ure

167 2625 270 2668 unum
287 2605 491 2688 palefridum
517 2605 592 2668 bene
615 2603 836 2668 ambulantem
862 2625 924 2667 non
950 2625 989 2666 ex
1012 2613 1132 2679 mutuo,
1157 2603 1216 2667 sed
1237 2573 1429 2674 eximi

168 2711 273 2785 dono‚·
310 2720 342 2774 et
370 2721 552 2793 responsum
583 2720 677 2773 tuum
706 2709 808 2773 eidem
839 2710 997 2772 remanda
1024 2719 1089 2790 per
1120 2729 1177 2772 nos
1204 2709 1275 2771 sine
1286 2672 1391 2775 idirco·

167 2814 330 2878 diodone.
392 2814 437 2878 Et
475 2815 577 2888 Prior,
605 2813 820 2876 considerans
850 2822 984 2895 tempus
1017 2822 1053 2876 et
1087 2831 1274 2894 personam,
1287 2823 1303 2873 s.
1317 2827 1375 2890 47b

167 2917 296 2981 studuit
324 2918 493 2982 humiliter
520 2918 728 3000 respondere.
774 2917 820 2981 Et
847 2917 954 2980 dixit:
994 2915 1128 2981 Vtinam
1157 2917 1274 2980 bonum

166 3030 199 3084 et
221 3021 385 3101 ydoneum
413 3021 619 3105 palefridum
649 3020 797 3085 haberem
826 3019 876 3084 ad
908 3033 986 3103 opus
1014 3021 1141 3084 domini
1173 3021 1278 3085 uestri

160 3124 334 3209 joliannis.
378 3125 502 3209 Aliquo
533 3136 668 3207 ternpore
691 3125 795 3190 habui
815 3124 1006 3209 palefridos,
1032 3136 1275 3207 verumptamen

167 3231 294 3313 quanm
324 3231 416 3294 modo
445 3230 542 3295 liabeo
571 3230 705 3296 libenter
731 3231 763 3293 ei
790 3230 879 3294 dabo.
925 3231 971 3294 Et
998 3230 1088 3296 misit
1114 3232 1143 3294 ei
1170 3252 1273 3296 vnum

168 3334 366 3419 palefridum
394 3336 436 3399 de
463 3356 552 3400 nouo
578 3345 740 3420 emptum,
767 3355 908 3418 paruum
935 3337 1081 3419 quidem,
1107 3338 1166 3401 sed
1193 3338 1274 3400 satis

168 3439 252 3503 bene
279 3438 517 3504 ambulantem.
564 3440 674 3523 Quem
702 3441 866 3523 recipiens
892 3461 998 3524 usque
1024 3442 1057 3504 in
1085 3450 1274 3524 presentem

166 3544 257 3608 diem
285 3564 351 3608 non
379 3546 513 3622 remisit,
540 3546 599 3610 sed
628 3555 740 3609 tamen
765 3545 910 3609 sutorem
933 3551 1051 3629 quem⁸
1075 3554 1275 3629 conceperat

169 3647 344 3730 mitigauit

268 3812 317 3890 38.
361 3809 414 3874 De
435 3810 651 3893 resu'gnacione
673 3811 814 3876 Domini
827 3811 967 3896 Juliani
985 3812 1127 3892 Priorir,
1148 3822 1180 3876 ct

476 3917 632 3980 creacione
654 3917 787 3981 Prioris
811 3917 972 3999 Symonis.

236 4057 293 4123 Sic
323 4059 436 4142 itaque
466 4061 623 4125 dominus
653 4062 793 4144 Jolanus
826 4064 919 4127 Prior
948 4085 1008 4146 per
1037 4064 1146 4129 uarias
1172 4067 1274 4129 tribu·
1289 4079 1437 4172 tgppngpor

168 4161 314 4226 laciones
335 4163 594 4248 circumquaque
617 4167 799 4245 confossus,
815 4178 932 4251 vtpote
955 4188 1014 4251 per
1035 4189 1199 4251 guerram,
1217 4192 1276 4254 per
1287 4181 1410 4272 feppffieoe

169 4264 439 4348 depredaciones,
454 4289 513 4351 per
533 4269 696 4345 incendia,
716 4291 776 4354 per
796 4272 937 4347 laboreS,
952 4292 1010 4354 per
1031 4273 1146 4349 minas,
1162 4282 1197 4337 et
1217 4294 1276 4356 per

168 4370 397 4447 contumelias,
412 4373 521 4436 locum
542 4375 663 4456 quietis
685 4384 720 4441 et
742 4385 876 4458 tempus
900 4377 1048 4441 inuenire
1068 4398 1135 4442 non
1157 4380 1276 4461 potuit.

420 4484 429 4518 ¹
446 4485 495 4537 See
505 4485 587 4553 Chap.
599 4503 639 4552 3²·
842 4487 945 4558 ’qnod
965 4489 1022 4542 MS.
