3234 5059
204 327 237 427 1]
505 328 633 402 Death
660 327 707 425 of
728 327 831 402 Puin
859 326 1018 401 Peuerel
1264 344 1312 417 47

205 536 289 598 quas
304 535 325 579 a
340 514 528 598 patriarcha
543 521 577 578 et
589 535 666 597 rege
677 523 712 578 et
728 512 942 596 magnatibus
955 511 1042 576 illius
1057 522 1143 576 terre
1159 512 1315 595 impetra·

205 628 307 696 uerat,
345 630 519 704 tamquam
555 639 653 682 uerus
689 628 850 703 patronus
888 627 922 682 et
956 619 1103 681 scincera
1137 616 1315 681 dilectione

206 724 323 807 plenus
339 722 463 787 deuote
478 723 642 806 deposuit,
658 733 692 787 et
708 723 815 787 multa
830 722 895 786 alia
911 725 1000 787 bona
1016 722 1095 805 ipsis
1110 722 1315 798 contulisset,

204 835 238 890 et
253 827 428 890 ecclesiam
444 846 560 890 eorum
575 846 653 889 cum
669 826 788 890 ceteris
806 824 947 889 officinis
968 824 1100 908 egregie
1116 823 1315 909 perfecisset,

204 932 231 993 si
248 950 323 993 eum
340 931 497 994 dominus
513 930 643 994 diucius
658 930 771 995 uiuere
786 930 998 1013 permisisset.

467 1129 516 1178 20.
560 1111 614 1176 De
635 1122 737 1176 morte
756 1112 894 1195 Pagani
913 1113 1054 1177 Peuercl.

273 1266 540 1350 Uerumptamen
563 1278 743 1350 antequam
765 1268 974 1351 propositum
996 1288 1092 1330 suum
1115 1266 1158 1331 de
1178 1266 1315 1348 triginta
1330 1268 1478 1361 §effi-¹¹¹

207 1372 374 1435 canonicis
402 1370 644 1436 constituendis
670 1371 880 1455 complesset,
911 1371 963 1436 uel
995 1370 1213 1435 sufficientem
1245 1368 1448 1470 sus-gffiffglg

205 1474 430 1538 tentacionem
462 1476 509 1537 eis
540 1474 749 1557 prouidisset,
780 1496 800 1538 a
831 1476 1048 1540 translatione
1079 1476 1314 1540 canonicorum
1329 1468 1480 1562 {ggfffiff

204 1577 368 1641 decennio
399 1577 549 1639 nondum
581 1577 728 1652 decurso,
761 1578 904 1641 London
936 1578 1027 1642 febre
1056 1589 1227 1661 correptus
1254 1570 1406 1661 rui-2233}

204 1681 314 1764 grauit
335 1681 378 1744 ad
400 1680 583 1750 dominum,
603 1679 909 1764 Bemewellamque
927 1681 1058 1745 delatus
1080 1682 1113 1745 in
1130 1682 1315 1765 aquilonari
1330 1670 1439 1763 ⁰3³2?

204 1794 299 1870 parte
316 1785 429 1867 magni
446 1784 560 1849 altaris
575 1784 733 1849 decenter
747 1797 798 1849 est
814 1786 1005 1851 collocatus.

384 2002 433 2050 21.
478 1984 530 2050 De
561 1984 721 2050 Willelmo
734 1986 814 2071 filio
835 1986 974 2069 Pagani
992 1987 1135 2053 Peuerel.

270 2138 440 2205 Defuncto
472 2141 610 2223 Pagano
635 2142 782 2218 Peuerel,
812 2142 1000 2207 Willelmus
1032 2141 1213 2207 filiuseius
1242 2142 1443 2236 millia

204 2243 303 2308 cessit
332 2244 370 2307 ei.
430 2243 475 2308 Et
505 2244 586 2327 ipse,
616 2264 759 2327 sequens
789 2246 932 2328 uestigia
963 2246 1076 2328 patris,
1105 2245 1315 2310 confirmauit
1329 2243 1464 2336 iiiiii&

203 2347 373 2411 canonicis
396 2346 553 2430 predictis
579 2367 696 2411 omnes
720 2347 923 2412 donaciones
948 2370 1031 2432 quas
1055 2362 1149 2433 pater
1173 2352 1244 2415 eius
1268 2349 1315 2414 eis
1329 2342 1480 2446 Qffihff·

205 2449 291 2526 fecit,
320 2460 355 2515 et
385 2451 520 2533 insuper
549 2450 723 2515 dimidiam
755 2451 881 2534 hydam
914 2461 999 2516 terre
1034 2454 1067 2517 in
1104 2454 1239 2518 Bruuna
1268 2444 1436 2545 eisffifflss,

203 2554 346 2618 contulit
367 2554 410 2618 de
429 2556 580 2619 dominio
603 2575 685 2633 suo;
714 2564 749 2619 et
772 2566 900 2620 cartam
925 2576 1021 2621 suam
1046 2557 1126 2640 ipsis
1147 2558 1316 2623 canonicis
1329 2544 1462 2638 filhffi

203 2652 364 2718 liberauit.
427 2656 547 2719 Postea
583 2654 831 2719 iherosolimam
866 2654 957 2731 adiit,
987 2665 1021 2720 et
1052 2656 1118 2719 illic
1154 2676 1174 2720 a
1203 2657 1316 2721 seculo
1338 2645 1481 2747 ,ffl‘ffit

204 2754 360 2835 migrans,
375 2752 504 2817 nullum
520 2774 565 2817 ex
581 2773 618 2817 se
633 2752 823 2835 relinquens
839 2753 1006 2827 heredem,
1022 2766 1167 2836 quatuor
1186 2776 1315 2819 sorores
1328 2746 1480 2836 ,mim

203 2852 284 2918 dicti
313 2853 439 2936 Pagani
466 2852 551 2917 filias
577 2853 719 2937 reliquit,
743 2874 809 2937 que
836 2863 942 2918 totam
970 2855 1143 2919 baroniam
1172 2855 1257 2920 inter
1279 2876 1315 2921 se
1328 2855 1434 2937 fflff„

205 2956 398 3021 diuiserunt
1329 2944 1424 2988 nitten-

258 3083 270 3118 ι

273 3173 324 3223 22.
371 3155 525 3237 Qualiter
546 3158 599 3221 ius
612 3167 812 3241 patronatus
834 3156 975 3222 Eccusie
995 3162 1035 3222 de
1056 3158 1249 3222 Bemewclk

211 3262 373 3329 descendit
392 3262 441 3326 ad
460 3262 639 3327 Dominum
665 3262 850 3327 Gilbertum
872 3261 990 3325 Pecclu
998 3262 1080 3345 jure
1101 3263 1305 3328 hereditario.

269 3417 359 3482 Tota
389 3417 527 3482 baronia
557 3416 685 3501 Pagani
713 3415 850 3480 Peuerel
878 3424 956 3498 post
983 3424 1124 3478 mortem
1153 3414 1480 3519 Willelmi5³·'u1213t232r

205 3524 341 3588 Peuerel
363 3523 450 3587 inter
469 3532 614 3607 quatuor
633 3542 762 3587 sorores
778 3521 840 3584 fuit
862 3520 978 3585 diuisa.
1024 3518 1174 3603 Quarum
1191 3521 1313 3602 primo
1327 3515 1442 3617 {EQ

203 3628 317 3709 genita
333 3627 517 3691 uocabatur
538 3625 689 3690 Matildis
710 3625 753 3690 de
769 3625 893 3702 Doure,
909 3632 943 3687 et
959 3623 1031 3706 ipsa
1046 3623 1118 3686 sine
1135 3623 1256 3687 herede
1271 3624 1314 3689 de
1327 3617 1475 3719 gssgffl„

203 3752 240 3795 se
270 3719 402 3795 mortua
432 3741 491 3795 est.
552 3730 598 3793 Et
628 3728 676 3793 sic
706 3728 873 3792 hereditas
904 3726 977 3811 ipsa
1007 3726 1049 3790 ad
1085 3735 1152 3790 tres
1184 3748 1313 3792 sorores
1327 3716 1433 3809 ἓξὲξ

203 3835 363 3899 deuoluta
389 3844 450 3910 est,
472 3844 506 3899 et
533 3854 610 3917 pars
632 3834 781 3917 predicte
804 3831 955 3896 Matildis
978 3833 1064 3895 inter
1086 3834 1175 3914 ipsas
1197 3832 1312 3897 diuisa.
1327 3817 1417 3910 {iffi

204 3938 355 4022 Quarum
375 3962 442 4004 una
463 3940 523 4005 fuit
543 3961 630 4004 uxor
652 3940 819 4005 Hamonis
841 3939 948 4004 Peche
971 3939 1108 4003 senioris
1129 3960 1194 4021 que
1215 3959 1313 4003 uoca·
1327 3923 1452 4059 ἒῗιὲἷιωη

203 4046 303 4109 batur
318 4044 456 4109 Aelicia
503 4046 549 4109 Et
564 4066 608 4109 ex
626 4045 682 4109 illa
697 4052 929 4129 processerunt
945 4043 1002 4126 filij
1020 4054 1053 4108 et
1070 4042 1143 4109 filie.
1187 4045 1313 4108 Primo·
1327 4016 1477 4110 diliis?

202 4149 335 4233 genitus
358 4148 525 4213 Hamonis
547 4150 731 4214 uocabatur
751 4149 922 4215 Gilbertus
939 4148 1069 4213 Pecche,
1088 4150 1220 4231 primus.
1267 4148 1313 4213 Et
1326 4117 1477 4210 iiihssm'

203 4252 368 4315 secundus
385 4242 569 4317 uocabatur
584 4252 754 4318 Galfridus
772 4252 907 4317 Pecche.
947 4253 1016 4316 iste
1034 4250 1204 4317 Galfridus
1219 4250 1313 4316 dedit
1328 4218 1436 4260 cmm

201 4356 371 4420 canonicis
409 4356 593 4421 Ecclesiam
630 4359 673 4421 de
712 4356 916 4421 Harlestone
951 4358 993 4421 ad
1024 4366 1198 4420 vesturam.
1260 4356 1313 4420 De
