3234 5059
159 372 217 473 1v]
428 374 537 449 about
562 374 602 447 S.
633 374 837 448 Edward's
861 375 997 449 churcle
1193 401 1233 448 21
1243 400 1263 469 3

159 562 316 647 parochia
336 563 399 626 sibi
423 563 631 627 mansionem
655 550 852 646 perpetuam
876 562 1048 646 elegerunt
1070 562 1132 627 fuit
1153 583 1264 627 coram
1278 576 1409 639 insopor

159 667 255 731 nobis
270 664 402 731 officiali
420 666 569 750 predicto
585 667 794 731 concorditer
808 668 1009 732 ordinatum.
1055 666 1155 751 Quod
1174 668 1265 732 vide·
1278 631 1371 733 {1³:¹¹¹

159 771 237 836 licet
274 772 306 841 in
346 772 692 854 recompensacionem
734 772 959 856 dampnorum
1001 794 1066 856 que
1108 774 1265 857 predictis

159 878 343 941 rectoribus
359 886 392 940 et
408 877 531 941 vicario
546 886 581 941 et
591 897 706 940 eorum
719 877 965 941 successoribus
977 878 1096 943 futuris
1108 879 1265 963 tempori·

160 981 222 1045 bus
246 982 402 1046 euenient
428 1003 489 1065 pro
515 982 672 1046 domibus
701 991 736 1046 et
766 983 839 1047 solo
863 1003 923 1066 per
952 984 1120 1067 predictos
1150 985 1266 1049 iratres

160 1085 340 1151 heremitas
363 1085 395 1149 in
420 1086 604 1169 presencia¹
628 1086 763 1150 inclusis
786 1096 821 1150 et
844 1086 1040 1152 inhabitatis
1064 1088 1149 1153 inira
1170 1109 1265 1172 paro

161 1191 270 1255 chiam
291 1192 405 1257 Sancti
427 1192 584 1256 Edwardi
601 1192 634 1255 in
650 1192 771 1275 quibus
787 1192 979 1276 parochiani
996 1202 1096 1256 antea
1117 1193 1267 1258 habitare

161 1296 314 1361 solebant
329 1317 368 1359 ac
384 1297 493 1361 eidern
510 1297 648 1361 ecclesie
663 1296 856 1361 oblaciones
871 1307 906 1360 et
917 1297 1065 1361 decimas
1076 1300 1268 1381 personales

161 1401 291 1465 soluere
314 1412 348 1465 et
371 1402 485 1480 reales,
507 1423 528 1466 a
550 1403 671 1484 quibus
694 1401 851 1465 omnibus
872 1401 989 1465 iratres
1011 1403 1172 1467 heremite
1194 1423 1267 1486 pre·

161 1506 243 1569 dicti
264 1525 300 1568 se
320 1513 472 1568 asserunt
497 1524 555 1586 per
579 1504 790 1587 priuilegium
819 1504 907 1567 sedis
928 1504 1111 1587 apostolice
1134 1526 1267 1589 prorsus

162 1610 337 1687 immunes,
363 1607 496 1672 solerent
523 1609 662 1690 predicti
693 1610 785 1672 Prior
810 1608 872 1692 [et]
900 1608 1017 1673 fratres
1043 1609 1204 1674 heremite
1234 1623 1268 1675 et

162 1734 276 1777 eorum
293 1733 498 1777 successores
511 1712 646 1796 prefatis
660 1714 762 1778 Priori
775 1724 809 1778 et
820 1714 1002 1778 conuentui
1012 1714 1054 1778 de
1068 1715 1269 1780 Bemewelle

163 1829 196 1882 et
213 1838 326 1881 eorum
343 1817 466 1881 vicario
481 1818 618 1882 ecclesie
635 1816 751 1881 Sancti
769 1817 948 1881 Eadwardi
963 1818 1105 1902 singulis
1119 1822 1216 1883 annis
1235 1822 1268 1884 in

162 1931 359 2006 perpetuum
374 1931 518 2004 quatuor
532 1922 656 1985 solidos
671 1920 715 1985 ad
730 1923 816 1985 duos
832 1924 993 1986 terminos
1008 1924 1097 2000 anni,
1111 1924 1269 1989 videlicet

163 2028 217 2090 die
248 2026 445 2090 Natiuitatis
475 2026 603 2089 domini
633 2027 717 2088 duos
754 2026 880 2089 solidos
910 2027 943 2089 in
978 2028 1118 2090 ecclesia
1153 2028 1269 2092 Sancti

164 2128 353 2207 Eadwardi,
376 2140 411 2193 et
433 2130 488 2195 die
513 2130 640 2195 Pasche
662 2131 747 2193 duos
772 2130 897 2194 solidos
925 2130 987 2215 [in]
1011 2131 1085 2196 loco
1111 2134 1270 2214 predicto

165 2234 211 2298 Et
226 2234 253 2297 si
270 2234 302 2296 in
320 2235 471 2316 predicta
487 2233 656 2297 solucione
672 2234 770 2297 dictis
785 2235 841 2298 die
856 2244 890 2297 et
906 2233 981 2298 loco
996 2235 1271 2318 qualitercunque

165 2340 367 2402 cessauerint
390 2339 507 2402 volunt
531 2346 566 2401 et
590 2348 710 2420 sponte
736 2338 925 2401 concedunt
949 2338 1089 2421 predicti
1118 2341 1210 2403 Prior
1236 2349 1270 2404 et

165 2444 282 2508 fratres
297 2445 458 2507 heremite
476 2444 567 2526 quod
585 2443 741 2527 Elyensis
762 2444 939 2526 episcopus
960 2446 1017 2526 qui
1038 2465 1099 2526 pro
1119 2454 1270 2527 tempore

165 2548 263 2613 suerit
279 2560 312 2613 et
328 2570 407 2612 suus
422 2546 572 2612 officialis
588 2548 641 2612 uel
658 2568 771 2611 eorum
788 2548 872 2612 alter
884 2567 941 2611 eos
953 2549 1058 2630 possit
1070 2548 1271 2631 compellere

166 2676 225 2738 per
245 2650 606 2719 excommunicacionis
627 2654 832 2717 sentenciam
855 2655 897 2716 de
920 2653 1021 2736 plano
1044 2663 1077 2716 et
1100 2655 1171 2717 sine
1193 2656 1271 2716 iuris

165 2760 413 2843 sollempnitate
425 2761 458 2823 in
471 2758 535 2823 loci
549 2760 695 2823 Priorem
708 2768 742 2822 et
754 2767 1001 2842 procuratorem
1014 2759 1105 2822 nullo
1116 2760 1270 2822 obstante

167 2866 340 2948 priuilegio
363 2866 410 2929 eis
429 2864 571 2928 valituro
592 2863 772 2939 ferendam,
793 2863 900 2926 donec
924 2863 967 2926 de
990 2864 1147 2945 predictis
1170 2884 1270 2927 censu

165 2980 200 3034 et
235 2970 391 3052 dampnis
428 2967 672 3032 racionabiliter
706 2967 916 3031 declarandis
950 2968 1098 3030 eiusdem
1134 2967 1272 3031 ecclesie

167 3075 282 3141 Sancti
314 3074 491 3138 Eadwardi
523 3073 704 3137 rectoribus
735 3083 769 3137 et
799 3073 923 3136 vicario
949 3072 1155 3136 satisfaciant
1182 3093 1271 3136 com·

166 3189 325 3264 petenter.
373 3180 417 3243 Et
433 3179 460 3241 si
476 3176 596 3262 prefati
612 3176 729 3241 fratres
744 3178 906 3241 heremite
926 3176 1045 3240 futuris
1066 3177 1272 3260 temporibus

165 3285 412 3349 habitacionem
429 3303 524 3346 suam
541 3282 726 3366 predictam
742 3282 776 3343 in
793 3282 865 3345 solo
882 3279 967 3373 inira
983 3280 1103 3343 limites
1121 3280 1270 3344 eiusdem

166 3391 322 3475 parochie
346 3389 461 3455 Sancti
485 3387 663 3452 Eadwardi
687 3386 938 3470 ampliauerint²
959 3385 1105 3470 prefatos
1129 3396 1272 3450 rectores

166 3506 200 3561 et
215 3496 374 3561 vicarium
391 3516 452 3579 pro
466 3493 655 3576 quantitate
667 3492 899 3576 ampliacionis
911 3492 1101 3555 huiusmodi
1114 3492 1146 3554 in
1160 3512 1271 3555 annuo

166 3622 267 3667 censu
283 3622 344 3685 pro
359 3600 514 3683 dampnis
530 3599 598 3661 suis
620 3598 796 3680 respicient
817 3608 851 3662 et
871 3597 914 3661 ad
935 3598 998 3660 hoc
1019 3616 1055 3659 se
1075 3595 1272 3679 obligabunt

166 3706 229 3769 sub
251 3726 339 3789 pena
361 3713 395 3768 et
418 3704 525 3767 forma
548 3701 706 3785 predictis
729 3703 831 3766 saluis
856 3702 903 3765 eis
929 3702 997 3764 suis
1027 3701 1211 3784 priuilegijs
1238 3702 1270 3764 in

166 3810 323 3874 omnibus
344 3809 426 3891 alijs,
447 3808 511 3890 hijs
532 3809 714 3871 dumtaxat
735 3808 889 3891 exceptis
911 3828 977 3890 quc
1001 3808 1214 3871 continentur
1237 3808 1270 3870 in

166 3914 412 3997 composicione
451 3914 596 3996 presenti
635 3931 734 3995 super
770 3912 843 3976 solo
882 3911 998 3974 habito
1036 3921 1070 3974 et
1107 3911 1270 3975 habendo.

168 4020 335 4086 Conuenit
355 4019 461 4083 eciam
483 4018 574 4101 quod
597 4017 738 4100 predicti
761 4017 878 4082 fratres
898 4017 1059 4080 heremite
1079 4015 1207 4080 nullum
1228 4016 1300 4082 det
1316 4029 1366 4081 arb

166 4124 376 4209 parochianis
413 4124 529 4189 Sancti
561 4122 739 4187 Eadwardi
775 4123 936 4206 recipient
971 4123 1013 4185 ad
1047 4122 1271 4186 ecclesiastica

166 4240 374 4295 sacramenta
396 4239 430 4293 et
452 4248 566 4293 eorum
590 4229 755 4293 seculares
777 4229 959 4292 seruientes
981 4230 1024 4292 ad
1047 4228 1214 4312 stipendia
1237 4229 1269 4291 in

279 4438 288 4469 ¹
305 4438 497 4503 presenciarum,
513 4438 568 4489 MS.
827 4436 838 4466 ²
854 4436 1055 4502 amplicauerint,
1069 4437 1128 4486 ΜΞ.
