3234 5059
369 382 440 450 294
707 358 887 433 -Tenants
914 357 955 431 ἐκ
980 359 1114 432 Bourn
1348 356 1469 456 [Boou

431 547 596 611 Henricus
626 547 704 612 Geri
743 548 775 611 in
808 548 978 630 Pynecote
1009 557 1101 611 tenet
1130 548 1199 610 duo
1233 547 1406 629 mesuagia
1435 555 1469 609 et

362 650 509 734 quinque
529 673 622 716 acras
642 661 728 716 terre
748 651 791 715 de
814 651 913 716 feodo
934 651 1043 716 Alicie
1058 651 1101 715 de
1119 653 1296 733 Pynecote,
1311 660 1346 715 et
1361 649 1470 715 reddit
1578 705 1580 708 .

363 754 441 820 inde
457 777 515 839 per
530 776 654 821 annum
671 756 712 838 ij.
728 756 854 820 solidos
869 777 930 839 pro
944 758 1036 820 omni
1052 756 1200 821 seruicia

428 860 616 925 Willelmus
635 862 678 925 de
694 860 1005 943 Wrastlingworthe
1026 869 1119 924 tenet
1134 881 1235 925 vnum
1260 858 1468 943 mesuagium

362 973 397 1028 et
427 966 512 1029 duos
542 964 684 1029 seliones
714 974 808 1041 terre,
840 973 874 1028 et
904 963 1014 1028 reddit
1043 964 1121 1028 inde
1151 984 1210 1047 per
1239 984 1365 1027 annum
1395 961 1459 1043 ,viij

363 1068 526 1145 denarios,
563 1079 597 1132 et
634 1070 719 1133 duas
756 1069 921 1152 precarias
963 1068 996 1131 in
1034 1078 1222 1151 autumpno
1258 1069 1302 1132 de
1340 1066 1470 1131 duabus

364 1172 557 1237 mulieribus
579 1192 638 1257 per
661 1192 763 1235 unum
786 1173 884 1236 diem.

429 1275 547 1358 Agnes
572 1274 646 1341 Sori
669 1285 762 1340 tenet
791 1296 894 1341 vnum
922 1277 1129 1359 mesuagium
1161 1286 1195 1339 et
1219 1276 1304 1339 duos
1327 1274 1470 1339 seliones

363 1388 458 1455 terre,
474 1389 509 1444 et
525 1379 633 1445 reddit
648 1400 847 1463 perannum
867 1380 907 1461 .ij.
923 1379 1057 1457 solidos,
1072 1388 1107 1443 et
1122 1400 1223 1443 vnam
1238 1381 1419 1464 precariam
1436 1380 1469 1443 in

363 1495 549 1568 autumpno
564 1486 607 1549 de
622 1484 753 1548 duabus
770 1483 962 1548 mulieribus
979 1505 1038 1567 per
1052 1504 1155 1547 vnum
1171 1484 1270 1548 diem.

431 1590 535 1672 Hugo
547 1589 685 1653 Andreu
698 1597 791 1653 tenet
802 1590 974 1672 quoddam
987 1590 1193 1672 mesuagium
1206 1588 1249 1653 ad
1261 1588 1467 1652 voluntatem

362 1691 489 1755 domini
507 1692 636 1767 Prioris,
652 1700 686 1755 et
702 1690 812 1755 reddit
827 1692 905 1755 inde
920 1711 1119 1773 perannum
1135 1691 1176 1773 .ij.
1192 1691 1325 1756 solidos.

398 1792 399 1797 ’
428 1796 578 1860 Thomas
598 1796 641 1860 de
662 1795 829 1880 Cloptone
853 1796 963 1861 reddit
983 1817 1181 1879 perannum
1199 1796 1299 1879 xviij.
1315 1797 1469 1861 denarios

363 1920 424 1983 pro
439 1909 526 1964 terra
541 1919 642 1983 quam
659 1898 791 1981 Gwydo
806 1899 1066 1964 molendinarius
1082 1910 1182 1965 tenet.

472 2002 613 2070 Summa
635 2006 742 2068 tocius
767 2005 856 2087 xvij.
879 2003 977 2069 solidi
1000 2004 1108 2087 .viij.d.
1150 2004 1213 2089 [Et
1238 2005 1281 2069 de
1303 2004 1471 2089 Cloptone

537 2107 676 2171 dimidia
698 2105 831 2191 marca]

699 2434 746 2501 17.
792 2418 943 2503 [aruum
963 2419 1127 2505 (samu

304 2649 308 2655 ,
430 2576 489 2640 Isti
513 2584 591 2640 sunt
613 2575 714 2639 libere
737 2585 891 2640 tenentes
907 2576 1029 2641 Prioris
1051 2576 1094 2641 de
1116 2575 1318 2641 Bemewelle
1341 2577 1374 2639 in
1391 2575 1470 2640 villa

362 2699 405 2763 de
429 2700 582 2763 Brunne:

428 2846 595 2909 Dominus
611 2843 760 2908 Thomas
778 2843 821 2908 de
838 2843 1011 2927 Riggesby
1026 2855 1118 2908 tenet
1135 2852 1202 2908 tres
1216 2865 1310 2907 acras
1324 2854 1419 2922 terre,
1434 2857 1471 2910 et

363 2949 472 3015 reddit
509 2949 586 3012 inde
625 2968 683 3032 per
719 2968 844 3013 annum
883 2949 951 3031 .xij.
988 2948 1150 3025 denarios,
1182 2958 1216 3013 et
1247 2970 1309 3032 pro
1338 2951 1470 3014 decima

363 3054 543 3119 molendini
567 3053 607 3134 .ij.
632 3052 755 3116 solidos
778 3053 828 3135 .vj.
851 3054 1013 3118 denarios.

428 3159 596 3222 Robertus
620 3158 701 3221 Mile
724 3168 816 3222 tenet
836 3159 1007 3241 quoddam
1030 3159 1179 3223 clausum
1203 3180 1262 3242 per
1283 3169 1419 3237 cartam,
1434 3171 1469 3223 et

362 3284 421 3347 per
442 3261 644 3345 homagium,
667 3272 700 3325 et
731 3261 840 3326 reddit
870 3283 929 3345 per
958 3278 1082 3327 annum
1114 3263 1167 3346 iij.
1189 3264 1314 3329 solidos
1337 3274 1370 3328 et
1393 3265 1469 3347 xiij.

339 3366 523 3457 'denarios

428 3470 618 3553 Margareta
656 3467 788 3550 Chyuin
826 3479 920 3533 tenet
953 3490 1053 3533 vnam
1092 3472 1255 3553 virgatam
1293 3481 1379 3536 terre
1409 3494 1469 3555 per

361 3584 487 3638 cartam
511 3582 545 3638 et
569 3593 628 3656 per
652 3572 855 3655 homagium,
881 3581 914 3637 et
938 3573 1048 3637 reddit
1070 3574 1149 3637 inde
1171 3595 1230 3657 per
1251 3596 1389 3639 annum·
1403 3576 1469 3657 iiij.

361 3677 493 3742 solidos.

268 3800 283 3849 r.
302 3798 348 3850 166
427 3784 589 3865 Magister
604 3781 772 3847 Gaiiridus
787 3782 832 3844 de
854 3780 973 3843 Bancis
989 3789 1082 3844 tenet
1096 3782 1182 3845 duas
1196 3802 1291 3846 acras
1306 3793 1392 3847 terre
1408 3805 1468 3867 per

361 3899 485 3953 cartam
517 3897 551 3951 et
575 3908 632 3971 per
658 3886 862 3969 homagium,
884 3897 918 3949 et
945 3885 1054 3950 reddit
1079 3888 1155 3950 iude
1181 3909 1240 3971 per
1269 3910 1395 3952 annum
1425 3888 1468 3971 ‚ij.

360 3992 492 4058 solidos.
1191 4060 1202 4081 ·

427 4099 556 4180 Symon
581 4097 623 4159 de
649 4095 814 4159 Mordone
839 4105 932 4160 tenet
961 4117 1061 4160 vnam
1092 4117 1202 4160 acram
1233 4108 1267 4161 et
1292 4097 1466 4162 dimidiam

360 4211 453 4277 terre,
476 4210 510 4263 et
533 4200 642 4264 reddit
665 4199 742 4263 inde
766 4220 971 4281 perannum
994 4201 1070 4264 ‚xvi
1093 4200 1254 4265 denarios.

425 4304 594 4387 Johannes
624 4306 667 4368 de
697 4302 728 4368 le
760 4304 866 4368 Holm
897 4314 989 4370 tenet
1026 4306 1197 4388 quoddam
1228 4306 1376 4369 clausum
1408 4330 1469 4391 per

360 4421 496 4489 cartam,
519 4420 554 4475 et
577 4410 686 4474 reddit
709 4410 787 4473 iude
809 4431 1015 4493 perannum
1039 4411 1089 4493 .vj.
1112 4412 1273 4474 denarios.
