3234 5059
356 411 426 481 140
461 389 610 464 Verdict
635 391 682 488 of
700 401 805 465 court
830 404 870 465 at
896 391 1117 467 Babraleam
1143 394 1316 469 reversed
1335 393 1455 493 [aoox

185 580 294 682 ffn‘jff
416 574 565 658 Contigit
592 597 671 659 ergo
698 578 789 660 quod
817 598 944 642 messor
971 580 1100 657 Prioris,
1122 583 1269 664 acceptis
1294 582 1455 647 extractis

184 687 320 783 gffffien
349 681 438 743 curie
454 701 513 763 per
529 701 663 744 manum
681 681 794 745 balliui
811 683 891 746 dicti
909 681 1087 767 Glilberti]‚
1100 685 1272 749 distrinxit
1285 687 1453 768 quendam

184 787 327 876 fffflm
350 784 489 848 liberum
511 783 681 848 hominem
703 807 764 868 pro
785 788 1046 851 amerciamento
1060 789 1249 871 Johannem
1266 790 1308 854 de
1327 791 1454 854 Hulmo

184 893 308 976 {gam
351 889 494 952 nomine.
542 889 602 952 llle
628 899 740 954 autem
767 892 919 955 senciens
945 913 982 956 se
1008 894 1155 958 indebite
1182 896 1354 960 amerciari
1378 895 1454 959 lecit

350 994 532 1076 replegiare
544 997 656 1060 aueria
671 1017 731 1059 sua
746 996 790 1060 ad
805 999 932 1061 curiam
949 997 1160 1082 Britann[ie]l
1175 1001 1217 1063 de
1230 999 1454 1077 Badburham,

350 1107 384 1161 et
409 1097 607 1162 attachiauit
630 1098 737 1182 ipsum
762 1119 943 1164 messorem
966 1101 1009 1165 ad
1033 1104 1303 1185 respondendum
1326 1103 1389 1166 sibi
1412 1102 1455 1166 de

350 1201 472 1266 iniusta
494 1202 711 1267 districcione.
758 1203 826 1287 Qui
849 1205 957 1286 primo
980 1206 1034 1268 die
1058 1208 1149 1271 uenit
1171 1207 1243 1271 sine
1266 1208 1398 1270 essonio
1420 1216 1454 1270 et

350 1306 522 1389 placitauit
542 1327 618 1371 cum
641 1329 688 1370 eo.
732 1307 998 1391 Verumptamen
1018 1311 1110 1374 curia
1130 1310 1192 1375 luit
1211 1311 1309 1375 nimis
1324 1311 1453 1394 fauora-

349 1410 424 1475 bilis
447 1413 510 1495 ipsi
531 1411 687 1495 Johanni,
710 1421 744 1475 et
766 1414 881 1476 statim
904 1413 999 1477 dedit
1018 1413 1181 1495 judicium
1194 1420 1321 1478 'contra
1343 1415 1451 1496 ipsum

351 1536 539 1579 messorem.
585 1517 738 1600 Rogatus
759 1517 847 1580 idem
870 1537 996 1581 messor
1016 1520 1106 1600 quod
1126 1519 1290 1581 inueniret
1304 1518 1452 1601 plegium

350 1621 392 1684 de
405 1620 651 1697 misericordia²,
661 1620 786 1684 habens
799 1621 974 1684 consilium
989 1621 1108 1684 Prioris
1120 1621 1217 1685 iuxta
1228 1643 1272 1699 se,
1282 1621 1454 1706 respondit

348 1724 439 1807 quod
460 1725 574 1802 noluit,
590 1733 623 1788 et
644 1726 844 1790 senescallus
866 1726 961 1789 iussit
975 1727 1111 1790 arestari
1127 1746 1247 1808 corpus
1263 1727 1342 1803 eius,
1356 1737 1391 1792 et
1406 1728 1453 1792 ita

349 1829 473 1894 lactum
501 1839 552 1894 est
578 1850 683 1912 usque
710 1831 753 1893 ad
780 1830 896 1893 horam
924 1850 1057 1893 nonam.
1108 1831 1199 1893 Prior
1228 1851 1307 1894 uero
1337 1833 1451 1894 statim

348 1934 438 1997 misit
459 1933 502 1997 ad
518 1935 642 1998 curiam
661 1934 772 2018 Regis
788 1945 822 1999 et
839 1935 1031 2018 impetrauit
1047 1935 1148 1999 breue
1164 1934 1206 1998 de
1222 1934 1305 1999 falso
1322 1935 1452 2000 iudicio

349 2038 427 2122 Quo
446 2039 528 2117 uis0,
544 2049 723 2104 sectatores
744 2041 833 2104 curie
854 2040 1007 2104 uidentes
1027 2061 1064 2102 se
1083 2061 1156 2104 esse
1177 2041 1210 2103 in
1231 2050 1306 2104 arto
1324 2042 1451 2124 positos

348 2143 495 2207 lecerunt
518 2162 635 2226 pacem
658 2163 734 2205 cum
759 2143 871 2206 Priore
894 2163 954 2225 pro
977 2144 1153 2226 sexaginta
1176 2142 1299 2218 solidis,
1320 2153 1354 2207 et
1374 2164 1452 2207 con-

347 2247 475 2311 cordati
491 2258 576 2312 sunt.
623 2247 741 2311 Dictus
757 2267 837 2310 uero
852 2246 1023 2328 Johannes
1038 2249 1081 2310 de
1099 2246 1227 2310 Hulmo
1243 2257 1360 2330 postea
1375 2268 1450 2312 cum

347 2371 471 2434 magna
485 2349 674 2416 humilitate
689 2351 800 2433 posuit
816 2370 852 2412 se
868 2351 901 2412 in
917 2349 1141 2413 misericordia
1159 2350 1288 2415 Prioris.

346 2603 397 2664 61.
440 2599 493 2662 De
512 2598 635 2681 placito
662 2598 748 2662 inter
771 2597 924 2661 Priorem
949 2595 988 2659 de
1012 2596 1206 2660 Bemewelle
1228 2607 1260 2660 et
1283 2596 1450 2659 deminum

438 2705 469 2768 T
465 2703 595 2767 hemam
632 2702 797 2766 Lenebant
832 2701 1093 2769 archidiaconum
1132 2698 1308 2782 Suffelchie
1342 2720 1450 2763 ceram

433 2807 624 2873 iustier'ariis
649 2807 736 2890 regr's
760 2806 851 2888 apud
877 2804 1054 2871 Cattishale
1077 2803 1116 2867 de
1144 2804 1275 2868 redditu
1299 2803 1338 2866 de
1364 2801 1450 2866 Bur·

431 2913 531 2978 stalle.

183 3101 331 3172 ortneeon-
412 3084 559 3169 Quidam
576 3082 684 3146 dictus
700 3080 867 3145 Walterus
884 3080 914 3143 le
931 3079 1038 3142 Franc
1056 3081 1099 3143 de
1115 3079 1310 3144 Cestertone
1326 3083 1449 3164 recepit

181 3158 331 3294 Ξῖῗῖιῗΐ
345 3209 366 3252 a
393 3189 578 3254 Laurencio
606 3188 717 3251 Priore
744 3196 777 3250 et
804 3194 971 3249 conuentu
998 3187 1041 3248 de
1068 3184 1270 3248 Bemewelle
1292 3185 1336 3248 ad
1360 3185 1448 3250 leodi

184 3253 292 3346 Silili-¹
315 3265 331 3294 ῃ
345 3295 476 3358 firmam
503 3303 623 3357 terram
651 3293 693 3355 de
718 3288 881 3354 Burstalle
904 3310 980 3352 cum
1004 3289 1216 3372 pertinenciis
1241 3309 1300 3370 per
1321 3301 1447 3355 cartam

345 3398 623 3482 cyrographatam
645 3416 705 3479 pro
725 3397 903 3476 sexaginta
919 3394 1034 3459 solidis
1049 3414 1108 3477 per
1123 3413 1247 3457 annum
1264 3404 1325 3458 etc.
1371 3395 1449 3479 Quo

344 3503 511 3580 defuncto,
524 3503 691 3566 Robertus
708 3501 737 3563 le
751 3500 779 3562 F
780 3506 874 3564 ranc³
889 3500 976 3563 tilius
992 3501 1061 3562 eius
1077 3510 1111 3563 et
1126 3498 1221 3562 heres
1237 3500 1394 3563 successit
1410 3501 1449 3577 ei,

345 3618 379 3673 et
405 3607 483 3672 lecit
509 3607 703 3688 homagium
731 3615 765 3669 et
787 3604 947 3668 releuium
972 3603 1075 3666 Priori
1098 3601 1141 3666 de
1165 3602 1366 3667 Bemewelle
1388 3618 1448 3686 pro

345 3712 464 3776 eodem
488 3718 688 3773 tenemento.

411 3817 490 3879 Post
505 3814 628 3878 multos
645 3833 723 3876 uero
739 3832 854 3889 annos,
866 3811 1040 3894 ignorante
1057 3809 1176 3884 Priore,
1193 3810 1344 3875 vendidit
1359 3811 1447 3875 idem

269 3930 286 3979 s.
299 3943 329 3993 52
346 3919 513 3984 Robertus
528 3920 666 3982 domino
681 3918 813 3981 Thome
830 3916 1004 3980 Lenebant
1019 3913 1252 3978 archidiacono
1269 3914 1448 3980 Suffolchie

344 4035 453 4090 totum
484 4032 712 4088 tenementum
744 4020 835 4104 quod
865 4021 973 4085 tenuit
1002 4018 1045 4081 de
1077 4019 1188 4081 Priore
1214 4018 1247 4081 in
1276 4018 1449 4096 Burstalle,

393 4197 402 4228 ¹
420 4197 475 4246 The
487 4201 557 4245 court
569 4195 599 4243 ol
607 4195 650 4244 the
659 4194 742 4243 honor
752 4193 781 4243 oi
790 4194 913 4256 Brittany‚
925 4191 985 4240 held
996 4191 1031 4254 by
1042 4191 1085 4240 the
1096 4197 1184 4239 counts
1195 4190 1225 4238 ol
1233 4189 1346 4254 Brittany
1358 4190 1395 4241 lor
1406 4192 1449 4242 the

343 4279 436 4330 benefit
447 4279 477 4328 oi
484 4278 550 4328 their
561 4285 667 4329 tenants.

391 4360 402 4392 ¹
418 4359 452 4426 pl’
463 4361 496 4410 de
507 4366 565 4420 mia,
581 4361 638 4410 MS.

392 4443 402 4475 ³
422 4446 479 4494 Rot.
495 4445 582 4493 Hund.
596 4443 652 4492 Vol.
668 4443 693 4490 ii.
707 4459 731 4506 p.
746 4441 801 4506 366.
