3234 5059
149 335 221 434 vu]
472 336 510 408 T
504 345 636 409 enanis
661 336 703 408 in
729 333 931 409 Barnwell
1182 354 1255 425 319

204 523 251 577 De
262 520 380 576 domino
393 520 498 589 Egidio
511 519 547 576 de
559 520 746 591 Trumpitone
759 529 788 576 et
801 536 852 590 pro
865 520 1002 575 Grettone
1200 535 1258 572 .x.s.

205 610 251 663 De
263 625 348 663 uxore
360 607 495 662 Willelmi
510 608 613 663 Heued
626 609 662 662 de
677 607 813 663 Herdwilr
1185 605 1256 659 .xld.

206 697 251 749 De
263 711 348 749 vxore
359 696 384 765 J.
398 694 434 749 de
449 693 567 748 Ristone
579 693 608 748 iu
623 694 769 749 Hokitone
1170 690 1257 760 .viij.s.

206 783 251 835 De
263 797 349 836 uxore
360 780 387 834 le
400 782 461 835 Rus
474 780 624 835 decadem
1091 778 1158 833 dim.
1172 794 1257 833 marc.

205 872 251 925 De
264 868 393 924 Galfrido
405 868 507 924 clerico
520 868 557 924 de
568 867 669 924 eadem
1105 866 1147 921 .xl.
1162 866 1257 921 denar.

206 958 252 1011 De
263 971 348 1010 vxore
362 956 473 1011 Mathei
485 955 521 1011 de
534 955 636 1011 eadem
1104 954 1148 1007 .xl.
1162 953 1258 1008 denar.

208 1045 254 1098 De
266 1052 430 1098 tenemento
443 1042 651 1113 SprotinTost
1033 1039 1102 1109 .iij.s.
1116 1059 1149 1094 .x.
1163 1040 1259 1095 denar.

207 1135 253 1188 De
266 1132 359 1187 Alano
372 1131 408 1187 de
423 1133 519 1186 Bouns
532 1131 562 1185 in
576 1130 753 1200 Kingestone
1191 1128 1259 1199 .iij.s.

209 1223 253 1275 De
265 1219 428 1275 Alexandro
442 1219 542 1274 Rubeo
554 1218 591 1273 de
604 1218 787 1273 Eucresdone
1165 1215 1260 1286 .viijud

208 1311 253 1365 De
266 1309 407 1379 Wynepol
1134 1304 1195 1358 .xrd.
1210 1304 1260 1359 sol.

209 1398 254 1451 De
266 1397 386 1450 Warino
399 1395 546 1450 Merueille
558 1394 595 1449 de
608 1393 762 1448 Barintone
1031 1408 1032 1411 ’
1129 1392 1183 1463 .xij.
1197 1393 1260 1446 den.

208 1486 254 1539 De
268 1485 392 1553 Hugone
406 1481 537 1537 Herberd
549 1480 786 1536 deMeldebume
1119 1480 1166 1552 .iij.
1181 1480 1261 1535 solid.

209 1573 255 1626 De
268 1572 342 1639 Elya
355 1570 440 1625 Burel
453 1569 490 1624 de
502 1569 677 1640 Scheprethe
1129 1568 1182 1639 .xij.
1197 1569 1261 1623 den.

210 1656 254 1709 De
267 1653 440 1723 Wytlessord
1115 1672 1166 1707 .xx.
1180 1652 1261 1707 solid.

210 1746 255 1799 De
267 1753 354 1815 ponte
366 1743 402 1797 de
414 1742 516 1797 eadem
696 1735 702 1749 ‘
1078 1741 1151 1811 .xiilj.
1165 1742 1261 1797 denar.

211 1836 256 1887 De
267 1834 399 1903 Johanne
412 1832 559 1901 Godwyne
571 1830 607 1885 de
620 1831 824 1885 Theuerisham
1097 1829 1152 1901 .xij.
1165 1831 1261 1885 denar.

209 1924 255 1977 De
267 1922 360 1977 Alicia
373 1922 455 1976 Prich
469 1921 504 1975 de
517 1920 618 1976 eadem
1131 1919 1167 1990 .ij.
1181 1918 1261 1974 solid.

209 2012 255 2065 De
269 2010 366 2063 Priore
378 2008 415 2063 de
427 2007 606 2077 Anglesheye
1127 2006 1163 2076 .ij.
1177 2006 1258 2061 solid.

211 2098 256 2151 De
268 2096 384 2151 domino
396 2096 421 2164 J.
435 2096 472 2150 de
486 2092 619 2150 Scalariis
632 2095 668 2150 de
681 2095 806 2149 Cheuele
1117 2113 1168 2149 .xrc
1182 2094 1262 2149 solid.

440 2320 490 2385 29
535 2302 742 2386 [Bemwelle
763 2302 985 2387 (Bamwell).]

223 2448 367 2533 [Omnes
389 2449 443 2512 isti
466 2447 643 2532 subscripti
665 2459 743 2513 sunt
764 2460 918 2514 tenentes
935 2450 1056 2515 Prioris
1072 2452 1105 2515 in
1122 2451 1201 2515 villa
1221 2452 1357 2526 det.178

159 2553 360 2617 Bemewelle
372 2573 461 2617 anno
472 2554 565 2637 regni
579 2553 682 2637 Regis
695 2554 882 2639 E[dwardi]
892 2554 949 2638 filij
963 2557 1065 2639 Regis
1078 2556 1264 2640 E[dwardi]
1279 2575 1405 2617 1aos-1a10
1450 2605 1452 2608 .

158 2656 285 2741 tercio]

211 2776 366 2850 [Redditus
379 2779 409 2833 in
421 2779 488 2834 villa
500 2780 536 2833 de
548 2778 719 2837 Bemewelle
732 2792 760 2835 et
773 2781 808 2836 de
821 2779 1086 2853 reparacionibus¹.]
1174 2809 1189 2827 ν

224 2881 396 2964 Johannes
414 2882 534 2945 Russel
550 2892 643 2948 tenet
658 2903 761 2948 vnum
778 2886 987 2967 mesuagium
1005 2907 1082 2950 cum
1101 2886 1216 2964 crofta,
1231 2896 1266 2951 et

161 2987 271 3052 reddit
301 3008 360 3071 per
390 3008 515 3052 armum
546 2988 590 3070 .ij.
618 2988 743 3053 solidos
770 2990 799 3071 .j.
827 3010 989 3073 caponem
1022 2990 1050 3074 .j.
1081 2994 1264 3074 precariam

160 3092 265 3178 [quod
282 3113 371 3156 nunc
387 3102 479 3157 tenet
495 3094 662 3177 Margeria
679 3093 845 3177 Lordes]².

228 3196 394 3260 Henricus
417 3198 460 3259 de
483 3195 724 3260 Theuerisham
748 3206 841 3261 tenet
863 3218 966 3262 vnum
991 3200 1198 3283 mesuagium
1222 3200 1265 3265 ad

161 3300 271 3383 capud
298 3300 375 3364 ville
398 3321 512 3364 versus
536 3300 774 3385 Steresbregge
800 3311 835 3365 et
860 3302 969 3367 reddit
995 3303 1036 3385 .ij.
1063 3305 1188 3369 solidos
1215 3303 1265 3387 .vj.

164 3406 329 3470 denarios.

230 3508 398 3572 Robertus
425 3508 455 3571 le
479 3507 581 3572 lulere
607 3518 701 3574 tenet
723 3528 828 3572 vnum
856 3511 1063 3595 mesuagium
1086 3511 1178 3595 quod
1205 3512 1267 3576 fuit

164 3612 267 3675 Alani
288 3611 319 3674 le
340 3610 473 3687 stabler‚
493 3620 527 3674 et
551 3613 661 3701 reddit
681 3633 741 3695 per
762 3633 889 3677 annum
910 3614 960 3696 .vj.
982 3616 1136 3681 denarios
1161 3617 1190 3699 .j.
1214 3638 1267 3682 ca·

163 3736 286 3799 ponem
301 3726 335 3780 et
351 3716 393 3799 .ij.
409 3715 575 3799 precarias
586 3716 692 3809 [quod
705 3737 793 3780 nunc
804 3727 898 3782 tenet
909 3718 1062 3801 Joachim
1074 3719 1161 3785 filius
1173 3721 1267 3805 eius].

228 3821 344 3887 Adam
368 3822 594 3904 carpentarius
616 3833 649 3885 et
673 3821 842 3887 Robertus
864 3824 1042 3890 Maniaunt
1062 3836 1179 3891 tenent
1199 3846 1268 3890 me-

162 3927 314 4008 suagium
345 3927 436 4009 quod
468 3926 529 3990 luit
562 3925 720 3991 Kokelini
751 3928 931 4013 carectarij,
962 3940 995 3994 et
1025 3930 1170 3995 reddunt
1200 3932 1268 4015 .xij.

162 4032 316 4096 denarios
332 4030 372 4112 .ij.
389 4051 535 4113 capones
550 4030 654 4114 [quod
669 4054 755 4095 nunc
768 4042 860 4096 tenet
877 4032 1045 4098 Robertus
1057 4035 1100 4098 de
1113 4035 1269 4100 Weltone

163 4134 363 4217 capellanus,
379 4154 484 4216 nepos
501 4134 643 4218 Prioris].

211 4274 221 4304 ¹
237 4272 330 4323 Added
342 4272 368 4321 in
379 4289 395 4322 a
405 4273 457 4322 late
467 4274 535 4323 haud
547 4274 577 4324 ol
585 4274 628 4324 the
642 4274 701 4339 17th
712 4284 825 4340 century.

211 4356 222 4387 ²
238 4355 300 4404 This
317 4355 367 4404 and
385 4354 428 4403 the
444 4353 574 4419 following
590 4364 662 4406 notes
679 4373 712 4405 on
729 4358 772 4407 the
788 4358 830 4406 list
846 4374 889 4407 are
906 4360 988 4409 added
1006 4360 1039 4423 by
1055 4360 1098 4409 the
1115 4362 1196 4413 scribe
1213 4364 1270 4415 who

163 4448 241 4491 wrote
259 4439 380 4488 “Omnes
397 4436 576 4489 isti...tercio.'’
