3234 5059
160 360 224 460 111]
273 361 334 459 Os
343 361 403 434 rlu
420 359 529 434 house
547 359 588 432 in
605 359 667 432 tlte
676 359 814 456 parislr
831 359 881 456 os
889 359 929 432 S.
951 358 1150 456 Sepulchra
1197 362 1265 452 183

161 546 319 628 parochia
335 545 451 612 Sancti
468 543 651 626 Sepulchri,
666 552 700 608 et
721 543 843 626 optulit
865 544 1059 606 caucionem
1082 543 1194 620 Priori,
1209 543 1268 606 sed
1283 537 1408 631 {afflui-

162 651 255 714 Prior
275 651 381 714 noluit
402 650 554 734 recipere
604 648 664 712 llle
687 668 767 712 uero
788 648 947 731 magister
967 647 1106 710 accessit
1121 646 1164 710 ad
1181 647 1269 712 Can·
1282 638 1381 731 222¹ss

161 755 330 820 cellarium
361 765 395 818 et
426 753 519 818 dedit
549 754 579 818 ei
606 753 809 829 caucionem,
836 761 870 816 et
896 753 942 815 sic
969 752 1106 816 tenebat
1130 751 1268 815 domurn
1284 739 1409 832 fflffl

163 859 282 923 Prioris
305 868 422 923 contra
443 857 514 920 eius
536 855 755 921 uoluntatem.
801 857 1000 919 Pensionem
1022 856 1127 920 eciam
1149 854 1268 918 domus
1282 839 1414 932 ffi‘fw

162 964 305 1040 retinuit,
321 981 470 1026 asserens
486 982 521 1026 se
537 981 708 1044 nunquam
724 961 852 1025 soluere
864 960 927 1024 nisi
941 961 1033 1024 Prior
1044 959 1146 1024 uellet
1157 980 1268 1024 coram
1283 943 1300 992 f·
1313 941 1368 993 ⁶⁸¹³

163 1066 370 1133 Cancellario
397 1066 537 1148 litigare,
560 1065 640 1148 quia
665 1065 833 1130 nitebatur
858 1065 1005 1129 Priorem
1031 1075 1066 1129 et
1091 1066 1269 1129 canonicos

162 1193 240 1236 suos
264 1169 395 1235 trahere
422 1169 465 1234 ad
487 1168 756 1251 jurisdiccionem
782 1167 978 1250 Cancellarij
1010 1178 1071 1232 etc.
1118 1168 1163 1232 Et
1193 1169 1270 1232 ideo

163 1275 309 1360 portauit
326 1275 418 1338 Prior
432 1274 534 1338 breue
551 1295 638 1339 noue
653 1274 826 1339 disseisine
841 1293 940 1356 super
951 1273 1059 1355 ipsum
1073 1274 1269 1358 magistrum

165 1378 348 1444 Radullum
386 1389 421 1443 et
459 1379 712 1455 Cancellarium,
748 1377 836 1442 vnde
870 1386 942 1442 tota
977 1378 1173 1441 vniuersitas
1209 1377 1270 1441 suit

163 1485 378 1548 uehementer
401 1485 552 1549 attonita

167 1685 234 1750 117.
279 1669 399 1734 Assa'ra
421 1680 531 1734 contra
555 1669 751 1753 angistrum
774 1668 962 1750 Radulfum
985 1668 1024 1732 de
1051 1668 1214 1749 Leycestre
1242 1678 1275 1731 et

593 1773 838 1839 Cancellarium.

214 1908 314 1964 Assisa
338 1909 415 1964 venit
439 1909 618 1979 recognitura
642 1909 666 1963 si
692 1909 828 1978 magister
853 1909 991 1966 Radulfus
1014 1909 1049 1965 de
1073 1912 1222 1980 Leycestre
1243 1921 1272 1966 et
1286 1903 1436 2008 liffeim

162 1997 298 2066 magister
315 1997 461 2052 Gallridus
476 1999 512 2052 de
530 1998 695 2052 Pakenham
713 1998 816 2052 iniuste
828 2008 881 2055 etc.
894 1999 1132 2068 disseysiuerunt¹
1146 2000 1270 2054 Priorem
1285 2006 1328 2066 tte
1338 2005 1415 2047 nonu

162 2085 198 2141 de
213 2088 383 2142 Bemewelle
402 2087 438 2141 de
456 2087 545 2142 libero
564 2097 725 2143 tenemento
745 2104 796 2142 suo
816 2088 845 2141 in
864 2089 1049 2158 Cantebngia
1066 2097 1132 2159 post
1151 2089 1272 2157 primam
1286 2054 1412 2148 lbddidny

163 2186 214 2230 etc.
228 2185 256 2230 et
269 2176 344 2231 vnde
356 2176 482 2247 queritur
494 2176 570 2246 quod
587 2175 824 2246 disseysiuerunt¹
842 2193 907 2231 eum
923 2177 961 2230 de
977 2194 1033 2232 vno
1050 2177 1195 2246 mesuagio
1207 2193 1272 2232 cum
1286 2156 1369 2208 ‘⁸²²⁶'

163 2263 343 2333 pertinencijs
356 2275 409 2320 etc
448 2265 485 2318 Et
498 2263 634 2333 magister
647 2263 785 2320 Radullus
798 2275 826 2318 et
836 2263 972 2334 magister
984 2265 1128 2321 Gallridus
1140 2267 1272 2330 veniunt;

163 2359 191 2405 et
204 2351 340 2420 magister
350 2351 493 2406 Gallridus
503 2351 571 2406 dicit
582 2351 658 2423 quod
668 2353 728 2422 ipse
739 2351 826 2408 nichil
835 2352 922 2408 habet
932 2369 985 2408 nec
994 2353 1099 2422 aliquid
1112 2355 1215 2408 clamat
1224 2351 1235 2386 ²
1244 2353 1273 2407 in

163 2438 291 2509 predicto
307 2437 454 2508 mesuagio
471 2455 523 2493 nec
542 2439 666 2509 aliquam
684 2439 815 2494 iniuriam
832 2441 893 2494 siue
909 2440 1097 2510 disseysinam
1114 2442 1180 2496 inde
1198 2443 1273 2510 lecit,

163 2537 215 2581 etc.
254 2527 292 2580 Et
311 2527 446 2596 magister
467 2526 606 2580 Radullus
624 2526 693 2580 dicit
713 2528 788 2596 quod
808 2528 868 2597 ipse
887 2527 974 2582 nichil
995 2527 1115 2582 clamat¹
1134 2529 1163 2582 in
1184 2529 1272 2585 libero

164 2625 325 2668 tenemento
343 2615 461 2684 predicti
480 2613 616 2683 mesuagij
637 2613 690 2668 nisi
710 2615 870 2686 hospicium
889 2633 971 2670 suum
988 2626 1098 2670 tantum
1117 2619 1272 2673 secundum

164 2711 270 2757 statuta
292 2702 481 2758 vniuersitatis
505 2702 687 2772 Cantebrigie
711 2713 763 2758 etc.
803 2704 881 2758 Dicit
902 2703 977 2759 enim
999 2705 1076 2775 quod
1098 2707 1272 2761 consuetudo

164 2791 354 2847 uniuersitatis
373 2791 499 2862 predicte
517 2791 581 2846 talis
606 2792 743 2862 estquod
762 2792 819 2846 duo
837 2792 963 2862 magistri
989 2800 1017 2846 et
1041 2793 1098 2848 duo
1120 2794 1274 2864 burgenses

164 2880 291 2936 eiusdem
304 2881 368 2936 ville
381 2881 417 2936 de
429 2881 623 2951 quinquennio
637 2879 665 2934 in
679 2880 901 2950 quinquennium
913 2882 1048 2936 taxabant
1061 2898 1160 2936 omnes
1172 2883 1273 2937 domos

164 2986 216 3039 pro
240 2969 394 3024 scolaribus
417 2969 446 3022 in
471 2969 579 3024 eisdem
604 2969 797 3024 inhabitandis
819 2987 869 3040 per
894 2980 1001 3025 cartam
1023 2971 1131 3026 domini
1156 2973 1273 3027 llenrici

167 3059 270 3129 Regis³
288 3075 374 3129 quam
391 3057 497 3128 profert
516 3069 543 3112 et
562 3073 617 3128 que
633 3059 687 3113 hoc
702 3059 843 3114 testatur⁴.
882 3062 920 3114 Et
937 3059 1098 3130 dicitquod
1115 3062 1175 3132 ipse
1190 3079 1274 3132 super

165 3147 326 3202 huiusmodi
339 3147 517 3202 taxacionem
534 3148 662 3217 predicto
682 3147 770 3203 Priori
788 3165 840 3219 pro
856 3150 983 3219 predicto
1000 3151 1146 3219 mesuagio
1163 3152 1273 3206 soluen-

166 3235 233 3290 dam
257 3235 422 3290 cautionem
448 3233 548 3304 optulit
570 3249 632 3304 etc.,
652 3244 681 3291 et
705 3237 773 3307 quia
797 3237 874 3292 idem
900 3239 980 3292 Prior
999 3240 1087 3293 noluit
1108 3240 1274 3296 caucionem

166 3323 243 3377 illam
256 3322 379 3394 recipere
393 3324 453 3394 ipse
467 3323 545 3378 dedit
563 3325 728 3379 caucionem
747 3327 923 3380 Cancellario
940 3329 1065 3397 predicte
1082 3329 1274 3385 uniuersitatis

167 3427 217 3481 pro
230 3411 355 3479 predicto
368 3412 523 3480 mesuagio,
538 3423 619 3482 prout
636 3413 724 3467 moris
741 3424 784 3469 est
801 3415 830 3468 in
848 3416 949 3469 eadem
965 3415 1153 3472 vuluersitate.
1192 3420 1275 3474 Vnde

166 3499 236 3570 petit
245 3498 383 3568 judicium
396 3501 419 3554 si
433 3501 525 3555 assisa
542 3501 601 3555 tien'
619 3501 685 3556 inde
702 3503 805 3559 debeat
824 3505 860 3559 de
874 3504 945 3559 sicut
964 3505 1039 3560 idem
1053 3508 1132 3562 Prior
1144 3525 1219 3564 nunc
1232 3521 1274 3564 est

166 3589 286 3657 seysitus
311 3589 347 3643 de
367 3589 456 3644 libero
475 3599 638 3646 tenemento
656 3590 782 3646 eiusdem
801 3593 938 3664 mesuagij
959 3595 983 3648 si
1002 3595 1069 3650 velit
1091 3607 1143 3652 etc.
1166 3608 1194 3653 et
1214 3597 1275 3669 ipse

166 3687 280 3747 paratus
299 3674 366 3748 [est]
384 3679 493 3733 soluere
511 3679 605 3735 eidem
624 3680 714 3735 Priori
731 3698 784 3752 pro
802 3683 930 3753 predicto
951 3686 1097 3754 mesuagio
1118 3687 1276 3742 secundum

166 3765 342 3821 taxacionem
361 3767 518 3837 predictam
537 3779 589 3824 etc.

220 3856 258 3910 Et
283 3856 363 3911 Prior
386 3856 456 3912 dicit
480 3859 557 3929 quod
581 3858 724 3930 predictus
748 3861 884 3931 magister
903 3863 1042 3919 Radulfus
1067 3865 1212 3936 ingressus
1232 3876 1276 3921 est
1291 3873 1375 3934 Repli-

166 3943 326 4014 predictum
338 3945 515 4014 mesuagium
533 3947 594 4001 sine
610 3947 730 4002 licencia
746 3958 774 4003 et
787 3950 933 4005 uoluntate
946 3951 1034 4022 ipsius
1049 3954 1161 4023 Prioris,
1173 3962 1202 4010 et
1214 3955 1275 4010 sine
1288 3924 1419 4016 ἶιῗῗῗιῗιξῖ

216 4073 225 4105 ¹
242 4075 391 4142 dissepsiuit,
406 4078 462 4130 MS.

216 4157 228 4188 ²
243 4159 340 4221 chmel,
355 4161 412 4212 MS.

217 4243 228 4274 ³
245 4243 318 4294 Alter
330 4244 407 4310 Regis
418 4244 461 4294 the
472 4245 552 4296 scribe
563 4245 608 4296 has
620 4247 718 4297 written
733 4247 982 4302 ‘ciuit’=civitatis.

216 4325 227 4358 ⁴
245 4327 315 4377 Hen.
333 4328 396 4386 ΙΙΙ.,
413 4343 427 4392 3
446 4329 515 4393 May,
535 4344 605 4394 1231,
617 4329 752 4381 addressed
770 4339 797 4381 to
813 4332 857 4384 the
875 4333 965 4398 Mayor
979 4335 1029 4385 and
1047 4335 1142 4385 Balliffs
1158 4337 1187 4386 ol
1200 4337 1275 4388 Cam·

170 4408 266 4474 bridge.
301 4410 360 4459 Rot.
373 4409 458 4460 Claus.
