3234 5059
345 357 390 426 82
782 346 996 423 Chesterton
1334 342 1455 443 [soor

344 541 477 605 dicens:
501 538 630 603 Putatis
651 557 712 600 uos
732 537 823 619 quod
845 556 908 620 ego
929 556 1003 600 sum
1025 535 1176 619 proditor
1192 534 1318 616 Regis?
1356 532 1454 609 Vere,

346 645 461 727 inquit,
492 663 598 709 essem
630 641 789 726 proditor,
819 642 846 705 si
878 641 1021 705 facerem
1054 640 1182 723 Regem
1215 638 1455 721 perdere.xv.

345 748 445 815 libras
471 769 533 832 pro
558 748 782 831 quadraginta
807 746 924 811 solidis
952 746 996 811 ad
1024 766 1109 829 opus
1137 763 1248 809 meum
1276 742 1454 827 proprium.

346 854 450 918 Absit
471 853 536 917 hoc
558 873 578 916 a
601 872 663 915 me.

412 957 572 1023 Canonici
603 976 683 1020 uero
712 955 887 1019 audientes
923 955 1103 1019 clamorem
1139 951 1268 1017 confusi
1302 951 1456 1016 exierunt

346 1063 515 1128 continuo,
562 1060 710 1127 Clericus
726 1081 806 1125 uero
822 1059 892 1123 eius
914 1078 1087 1123 accurrens
1103 1067 1179 1141 post
1195 1066 1326 1140 tergum
1342 1074 1457 1120 eorum

347 1168 413 1232 ait:
439 1166 583 1230 Mandat
598 1164 696 1228 uobis
712 1163 881 1226 Dominus
897 1183 992 1226 meus
1008 1162 1100 1245 quod
1121 1160 1194 1225 uult
1209 1179 1345 1243 parcere
1361 1157 1457 1222 uobis

346 1270 497 1355 eoquod
520 1268 663 1351 religiosi
686 1268 775 1343 estis,
790 1268 819 1330 si
843 1268 873 1330 ei
898 1267 985 1332 detis
1010 1286 1112 1329 unum
1138 1265 1337 1349 palefridum
1357 1261 1457 1347 precii

347 1388 409 1439 Ν.
423 1393 618 1438 marcarum.
655 1370 815 1437 Canonici
832 1390 912 1435 uero
926 1370 1085 1433 dixerunt
1100 1389 1201 1451 super
1214 1367 1287 1444 hoc,
1303 1365 1458 1430 uolumus

348 1477 520 1542 consulere
551 1476 706 1539 Priorem.
752 1474 936 1539 Venientes
969 1484 1081 1538 autem
1120 1473 1363 1537 nunciauerunt
1397 1470 1458 1533 hec

348 1583 462 1647 omnia
491 1580 603 1644 Priori.
648 1580 745 1643 Tunc
772 1578 819 1642 ait
848 1579 957 1642 Prior:
992 1578 1143 1660 Expedit
1169 1577 1259 1659 quod
1283 1577 1313 1640 ei
1340 1574 1458 1639 demus

349 1683 559 1769 palefridum,
574 1684 653 1767 quia
673 1684 718 1747 de
733 1682 865 1745 duobus
887 1682 985 1745 malis
1006 1682 1116 1745 minus
1137 1680 1263 1745 malum
1285 1689 1337 1742 est
1353 1680 1459 1761 magis

349 1788 549 1872 eligendum.
594 1787 691 1850 Tunc
716 1787 765 1849 ait
787 1805 875 1848 unus
898 1788 940 1849 de
963 1784 1163 1850 Canonicis:
1194 1784 1291 1861 Ecce,
1313 1782 1459 1857 domine,

350 1892 493 1976 qualiter
519 1892 626 1956 noluit
656 1910 730 1955 esse
759 1890 911 1973 proditor
942 1890 1046 1972 Regis
1073 1888 1373 1972 pr0.xu.solidis,
1399 1888 1458 1951 sed

350 2018 411 2081 pro
426 2048 433 2061 .
449 2012 473 2059 V
489 2047 495 2061 .
512 1996 632 2060 marcis
666 1996 843 2059 consensit.
904 1994 1050 2058 Faciatis
1086 2014 1165 2076 ergo
1195 2014 1254 2077 per
1283 1992 1458 2056 consilium

352 2121 463 2165 meum
480 2110 514 2165 et
529 2119 701 2182 nunquam
717 2098 841 2163 dabitis
857 2100 887 2163 ei
904 2118 1007 2162 unum
1029 2097 1174 2162 obolum.
1220 2098 1266 2161 Et
1281 2098 1460 2161 canonicus

351 2205 407 2269 ille
434 2206 466 2268 in
494 2206 639 2269 crastino
666 2204 850 2268 ascendens
881 2223 1013 2285 equum,
1041 2212 1214 2286 assumpto
1243 2221 1356 2266 secum
1392 2220 1460 2264 uno

351 2310 508 2393 garcione
533 2318 676 2385 tantum,
699 2310 792 2372 uenit
818 2308 861 2371 ad
888 2308 1092 2371 scaccarium
1121 2305 1224 2389 Regis
1246 2316 1280 2370 et
1302 2306 1346 2369 ibi
1372 2304 1460 2369 mala

352 2414 464 2496 gracia
475 2411 689 2476 exchaetoris
701 2411 820 2474 habuit
832 2411 933 2474 breue
951 2410 1055 2492 Regis
1071 2410 1114 2473 de
1130 2409 1246 2473 rotulis
1261 2409 1352 2492 quod
1370 2409 1462 2472 Prior

353 2526 387 2581 et
402 2517 555 2579 homines
572 2516 622 2580 sui
638 2516 681 2578 de
698 2514 896 2580 Cestertone
910 2514 1014 2596 quieti
1031 2535 1103 2578 esse
1119 2514 1288 2590 deberent,
1312 2523 1372 2577 etc.

188 2638 268 2679 wrm
421 2621 546 2684 lterum
584 2632 696 2684 autem
734 2619 873 2683 ueniens
910 2618 1093 2683 exchaetor
1130 2618 1220 2703 apud
1259 2618 1460 2683 Bemewelle

189 2686 320 2740 happened

190 2737 323 2831 31ζὲιὲὴὲ
355 2727 483 2807 accepit
497 2723 694 2805 hospicium,
710 2722 769 2786 sed
790 2722 850 2786 uix
874 2723 1049 2786 uoluerunt
1071 2724 1230 2789 Canonici
1253 2722 1343 2787 bono
1364 2721 1461 2786 oculo

189 2839 305 2932 5:352st
355 2828 518 2911 respicere
534 2830 566 2890 in
583 2848 668 2891 eum.
715 2827 837 2891 Postea
853 2827 944 2890 misit
963 2848 1065 2891 unum
1083 2826 1125 2891 de
1141 2828 1314 2891 monachis
1335 2828 1402 2891 suis
1417 2829 1460 2892 ad

189 2938 282 3031 md
358 2932 504 2995 Priorem
526 2952 587 3015 pro
607 2931 737 2994 duabus
759 2932 879 2994 marcis
900 2931 942 2994 ad
964 2932 1224 3013 acquietandum
1245 2931 1328 2995 allec
1344 2952 1462 3010 suum;

356 3046 391 3099 et
407 3036 501 3099 Prior
515 3035 705 3117 respondit:
730 3032 886 3116 Quando,
902 3035 1018 3116 inquit,
1034 3035 1080 3098 sui
1096 3054 1160 3118 ego
1181 3035 1324 3099 creditor
1339 3035 1410 3098 eius
1425 3046 1463 3099 ut

356 3139 438 3201 allec
457 3158 553 3202 suum
575 3137 824 3220 acquietarem?
856 3137 901 3200 Et
923 3137 1030 3201 noluit
1045 3138 1074 3201 ei
1091 3138 1170 3202 dare
1186 3158 1288 3201 unum
1305 3137 1462 3215 obolum;

356 3250 389 3305 et
405 3243 452 3304 sic
467 3241 600 3324 quietus
621 3249 672 3304 est
694 3241 786 3304 Prior
806 3242 959 3322 usquein
976 3250 1165 3324 presentem
1187 3242 1284 3306 diem.
1331 3240 1464 3305 Deinde

357 3345 435 3410 fecit
455 3346 565 3409 leuare
584 3344 769 3427 talliagium
790 3344 834 3408 de
856 3343 1047 3409 hominibus
1068 3348 1136 3409 suis
1151 3347 1194 3409 de
1210 3345 1415 3419 Cestertone,
1430 3351 1465 3407 et

357 3450 493 3513 retinuit
508 3450 551 3512 ad
567 3469 652 3532 opus
668 3470 766 3513 suum
782 3450 963 3532 proprium.

246 3628 264 3678 s·
284 3627 344 3678 28¹>
463 3644 578 3711 14,15.
627 3627 797 3711 compotus
819 3629 857 3693 de
882 3628 1058 3695 Cestertone
1079 3628 1128 3691 ad
1148 3628 1365 3693 Scaccarium.
1415 3624 1417 3627 ’

275 3783 293 3833 s.
314 3798 345 3847 29
413 3774 550 3828 Canonici
561 3774 597 3829 de
608 3774 779 3828 Bemewelle
791 3772 913 3827 reddunt
925 3783 1089 3843 compotum
1102 3772 1138 3827 de
1150 3784 1248 3827 .xxx1.
1260 3770 1337 3827 libris
1349 3788 1467 3828 numero

195 3920 247 3962 Μ
359 3878 410 3931 pro
423 3873 509 3916 mxx.
522 3862 601 3916 libris
617 3862 727 3917 blancis
744 3862 780 3917 de
792 3861 874 3916 firma
887 3862 952 3916 ville
965 3878 1015 3916 sue
1032 3861 1069 3915 de
1085 3861 1259 3928 Cestertone,
1271 3870 1298 3914 et
1316 3859 1351 3914 de
1368 3872 1465 3915 .xxxn

195 3927 328 4023 „wilm
360 3949 438 4005 libris
450 3949 683 4019 pro.xxx.libris
696 3950 805 4005 blancis
819 3950 966 4004 decadem
980 3951 1015 4004 de
1028 3966 1103 4005 anno
1116 3948 1255 4020 preterito.
1290 3950 1320 4003 ln
1334 3949 1467 4005 thesauro

196 4021 345 4113 fgffie„
360 4050 447 4092 .xxn.
461 4038 559 4102 libras;
577 4047 605 4093 et
618 4038 761 4093 Willelmo
773 4038 809 4092 de
825 4038 1006 4108 liastingtotl
1025 4050 1087 4093 .xx.
1100 4039 1186 4093 libras
1198 4054 1269 4108 quas
1286 4038 1406 4108 percipit
1418 4056 1468 4107 per

195 4126 311 4163 terraneo
360 4142 466 4180 annum
479 4125 515 4180 de
531 4125 613 4179 firma
625 4126 752 4197 predicta
768 4125 860 4180 donec
878 4127 938 4180 Rex
951 4126 1105 4196 prouiderit
1118 4128 1142 4180 ei
1157 4126 1184 4181 in
1197 4138 1259 4180 .xx.
1273 4125 1381 4180 libratis
1394 4135 1467 4181 terre

196 4170 338 4271 ἓξὲξ..
360 4210 444 4283 [sicut
457 4211 616 4267 continetur
628 4212 656 4267 in
669 4213 759 4266 rotulo
772 4210 838 4283 li⁰²].
865 4213 902 4267 Et
915 4214 943 4269 in
956 4213 1055 4269 eadem
1069 4214 1241 4269 allocacione
1253 4226 1315 4268 .xx.
1332 4213 1418 4268 libras
1431 4213 1468 4268 de

386 4313 395 4348 ¹
414 4316 546 4375 Hatentot,
560 4316 617 4367 MS.

386 4396 397 4429 ¹
413 4399 496 4449 These
508 4399 598 4457 words,
610 4399 715 4449 omitted
727 4399 753 4449 in
765 4400 808 4450 the
821 4400 889 4461 MS,
902 4400 966 4451 have
978 4401 1042 4451 been
1053 4402 1168 4467 supplied
1181 4402 1244 4451 from
1253 4402 1296 4453 the
1306 4402 1367 4467 Pipe
1377 4402 1445 4452 Roll.
