3234 5059
344 382 394 451 90
445 359 678 458 Agrcemenl
694 357 787 431 with
803 358 865 431 tlte
889 358 927 431 T
922 384 1002 432 own
1020 357 1068 455 os
1080 358 1300 457 Cambridge
1331 355 1451 461 [soor

179 556 296 651 'dmm
343 544 446 628 ipsius
466 544 598 629 iugitiui
618 544 681 609 sibi
702 544 842 621 liberari,
858 543 972 609 dicens
993 542 1084 629 quod
1106 544 1227 608 catalla
1247 544 1393 609 lelonum
1415 554 1450 611 et

179 656 326 752 2:32pr-
343 649 558 732 fugitiuorum
581 651 623 713 ad
647 647 795 712 Balliuos
816 647 979 712 libertatis
1002 646 1216 729 Cantebrigie
1239 648 1451 732 pertinerent,

178 758 264 852 ἓξὲξ
343 774 409 818 non
434 754 515 818 ad
506 773 615 836 rpsum
644 753 797 817 Priorem.
844 752 992 816 Econtra
1017 752 1071 817 ille
1094 753 1237 829 dicebat,
1258 756 1349 837 quod
1373 754 1450 818 hac·

341 868 439 924 tenus
455 880 495 923 ea
510 857 632 922 catalla
647 856 770 922 habere
786 858 968 934 consueuit,
980 866 1014 921 et
1026 858 1088 921 boc
1102 878 1160 940 per
1175 856 1450 922 inrotulacionem

341 982 407 1045 que
433 962 582 1044 superius
606 962 767 1037 scribitur,
790 971 825 1026 et
852 961 1086 1026 nichilominus
1113 982 1171 1044 per
1193 960 1382 1046 Johannem
1408 962 1451 1027 de

343 1066 572 1142 Mendesham‚
588 1064 644 1148 qui
668 1064 834 1129 abiurauit
857 1074 989 1141 terram,
1004 1076 1038 1131 et
1058 1066 1211 1150 jumenta
1234 1068 1393 1131 remansit
1416 1067 1449 1131 in

342 1179 510 1254 potestate
541 1170 670 1246 Prioris‚
696 1190 871 1253 quousque
901 1169 1038 1253 quidam
1069 1170 1211 1234 villanus
1242 1170 1368 1235 domini
1399 1172 1450 1235 sui

342 1295 418 1338 cum
447 1272 508 1357 .vij.
537 1272 698 1357 legalibus
724 1273 917 1338 hominibus
940 1276 1095 1357 probauit
1121 1296 1196 1339 eam
1223 1296 1296 1339 esse
1322 1275 1450 1339 domini

342 1378 401 1455 sui,
416 1388 477 1443 etc.
524 1378 738 1462 Quapropter
761 1379 928 1443 Robertus
949 1379 1073 1462 Tuylet
1095 1379 1171 1444 lecit
1194 1380 1338 1444 Priorem
1361 1400 1450 1443 sum·

342 1484 469 1547 moneri
496 1504 607 1547 coram
637 1483 822 1547 Batonibus
853 1483 895 1547 de
927 1484 1100 1549 Scaccario
1130 1485 1173 1547 ad
1204 1484 1449 1548 ostendendum

342 1607 410 1670 quo
422 1587 496 1669 jure
511 1587 648 1652 retinuit
663 1587 786 1651 catalla
802 1588 950 1652 lelonum
964 1589 995 1652 in
1013 1588 1094 1653 feria
1105 1609 1165 1652 sua
1180 1588 1222 1653 de
1239 1588 1451 1655 Bernewelle.

343 1690 496 1755 Tandem
521 1690 582 1755 luit
608 1692 699 1755 Prior
721 1712 781 1773 per
802 1692 929 1755 amicos
952 1692 1159 1775 premunitus
1182 1693 1273 1776 quod
1297 1692 1340 1756 de
1361 1692 1449 1757 sacili

342 1804 455 1878 posset
471 1794 608 1878 perdere
624 1795 739 1859 leriam
756 1816 861 1871 suam,
877 1796 904 1858 si
921 1797 1012 1861 dicta
1026 1795 1162 1879 querela
1177 1816 1290 1860 coram
1312 1796 1449 1860 Baroni·

342 1901 404 1963 bus
420 1900 665 1979 terminaretur;
679 1910 714 1963 et
730 1900 814 1977 ideo,
827 1899 1052 1964 mediantibus
1068 1900 1193 1977 amicis,
1209 1920 1279 1983 pax
1294 1900 1449 1965 ordinata

341 2014 393 2069 est
408 2005 496 2069 inter
509 2015 620 2087 partes
636 2004 776 2069 subhac
792 2004 919 2069 forma:

178 2156 317 2197 ruerem·
394 2142 479 2196 Anno
497 2142 576 2211 regni
593 2142 667 2211 regis
684 2142 834 2197 Eadwardi
854 2141 901 2197 filii
922 2142 1009 2211 Regis
1030 2141 1146 2197 Henrici
1163 2140 1298 2197 vicesimo
1315 2142 1449 2210 secundo,

177 2205 288 2307 2223?
341 2229 474 2284 conuenit
493 2228 567 2283 iuter
583 2227 708 2283 Priorem
727 2230 764 2284 de
780 2229 953 2284 Bemewelle
969 2240 997 2284 et
1015 2238 1185 2284 conuentum
1203 2228 1329 2285 eiusdem
1342 2228 1397 2285 loci
1414 2248 1448 2285 ex

177 2317 291 2399 wesen
341 2334 398 2371 vna
406 2327 494 2386 parte,
504 2326 533 2372 et
544 2317 702 2386 Burgenses
712 2316 892 2385 cantebrigie
902 2334 935 2371 ex
945 2317 1033 2372 altera
1046 2332 1129 2387 super
1141 2316 1311 2386 quibusdam
1324 2318 1449 2373 articulis

178 2407 328 2458 memme-
342 2403 442 2459 leriam
459 2404 577 2473 predicti
598 2402 702 2458 Prioris
720 2403 966 2474 contingentibus·
987 2403 1125 2467 videlicet,
1139 2404 1215 2475 quod
1232 2404 1350 2474 predicti
1370 2406 1449 2461 Prior

181 2467 313 2511 ”mm
343 2502 371 2547 et
388 2502 545 2547 conuentus
563 2503 761 2547 concesserunt
763 2509 835 2563 ‚pro
855 2510 884 2547 se
903 2503 930 2547 et
949 2492 1159 2547 successoribus
1176 2490 1242 2559 suis,
1256 2492 1332 2563 quod
1350 2509 1448 2546 omnes

343 2579 535 2634 inhabitantes
551 2579 647 2634 villam
664 2580 700 2635 de
718 2580 900 2650 Cantebrigia
916 2590 946 2635 et
963 2580 1066 2634 limites
1082 2579 1219 2635 libertatis
1236 2580 1362 2635 eiusdem
1376 2580 1448 2648 ville,

260 2678 276 2729 t
298 2694 328 2743 ³¹
342 2678 371 2722 et
389 2667 437 2739 qui
456 2666 612 2722 secuudum
630 2666 864 2722 cousuetudinem
881 2666 946 2722 ville
963 2667 1089 2722 eiusdem
1108 2682 1195 2721 onera
1213 2665 1242 2720 in
1261 2666 1362 2721 eadem
1382 2667 1449 2721 villa

342 2754 519 2825 emergentia
538 2754 685 2823 sustinent,
707 2765 736 2811 et
757 2755 896 2811 sustinere
917 2763 1054 2821 tenentur,
1072 2764 1102 2808 vt
1121 2753 1151 2808 in
1167 2754 1288 2825 vigilliis,
1306 2753 1448 2825 tollagiis,

342 2842 495 2912 scottagiis,
509 2843 594 2898 sectis
611 2855 639 2898 et
658 2842 721 2913 alijs
740 2843 999 2898 contribucionibus
1019 2844 1174 2899 secundum
1193 2843 1269 2915 quod
1289 2845 1448 2912 Burgenses

341 2932 467 2987 eiusdem
480 2931 546 2985 ville
558 2931 675 3000 iaciunt,
687 2931 773 3004 quieti
786 2933 844 2987 sint
856 2932 986 2987 decetero
1004 2932 1032 2986 in
1050 2931 1120 2987 seria
1137 2932 1326 3003 predictorum
1345 2930 1448 2987 Prioris

342 3030 370 3074 et
392 3028 549 3075 conuentus
567 3018 596 3071 in
616 3019 794 3086 Bemewelle,
814 3018 850 3073 de
873 3018 1012 3088 stallagio‚
1032 3018 1176 3087 bothagio,
1195 3028 1223 3073 et
1241 3018 1400 3086 theoloneo‚
1420 3028 1448 3073 et

342 3108 417 3178 quod
430 3107 533 3162 catalla
545 3107 686 3160 latronum
699 3106 881 3176 fugitiuorum
894 3116 921 3159 et
934 3105 1119 3161 scinctorum¹
1130 3106 1278 3161 bursarum
1292 3106 1314 3160 si
1328 3123 1383 3177 que
1396 3124 1447 3178 per

341 3194 435 3267 ipsum
458 3194 584 3250 Priorem
606 3205 655 3250 aut
677 3195 802 3249 Balliuos
828 3212 894 3250 suos
916 3195 944 3248 in
966 3195 1035 3249 feria
1057 3194 1183 3264 predicta
1208 3195 1338 3250 decetero
1363 3207 1448 3267 capta

341 3283 443 3339 luerint
460 3294 508 3339 aut
524 3283 648 3353 inuenta,
662 3284 779 3339 Balliuis
795 3284 861 3337 ville
877 3284 913 3339 de
931 3282 1114 3353 cantebrigia
1130 3284 1282 3355 pervisum
1295 3286 1446 3355 proborum

342 3373 488 3428 bominum
505 3372 631 3427 eiusdem
649 3372 713 3427 ville
731 3373 792 3427 siue
809 3373 865 3426 vllo
882 3384 1073 3427 retenemento
1091 3374 1186 3429 statim
1205 3373 1363 3429 liberentur.
1403 3375 1447 3429 lta

341 3471 436 3518 tamen
454 3461 530 3534 quod
548 3462 666 3533 predicti
685 3463 844 3531 Burgenses
862 3462 1003 3533 predictos
1023 3463 1148 3518 Priorem
1167 3472 1195 3518 et
1213 3464 1393 3518 Conuentum
1410 3465 1447 3519 de

342 3550 512 3604 Bemewelle
530 3566 628 3605 uersus
649 3566 842 3622 quoscumque
864 3548 929 3605 inde
951 3549 1112 3621 acquietare
1131 3560 1286 3605 teneantur.
1325 3552 1446 3607 Conces-

341 3646 436 3692 seruut
455 3636 546 3691 eciam
564 3637 682 3708 predicti
703 3638 862 3706 Burgenses
881 3638 988 3692 eisdem
1006 3637 1094 3691 Priori
1113 3648 1141 3693 et
1159 3639 1318 3693 Conuentui
1338 3648 1365 3693 et
1385 3631 1451 3694 sucss

341 3723 499 3780 cessoribus
517 3724 585 3793 suis,
603 3726 679 3797 quod
701 3727 737 3780 de
756 3726 888 3780 omnibus
906 3724 962 3795 hijs
980 3726 1028 3797 qui
1047 3742 1133 3781 onere
1152 3726 1312 3796 supradicta
1331 3724 1360 3781 in
1379 3726 1446 3781 villa

342 3810 530 3881 Cantebrigie,
550 3822 579 3866 vt
597 3811 790 3882 supradictum
809 3822 860 3879 est,
879 3810 1057 3880 emergencia
1076 3828 1132 3865 non
1154 3811 1292 3866 sustinent
1312 3824 1368 3867 nec'
1385 3829 1445 3867 sus·

340 3900 431 3955 tinere
443 3909 573 3954 tenentur
585 3899 698 3970 capiant
711 3910 855 3955 costumas
866 3901 1021 3954 secundum
1031 3899 1107 3971 quod
1120 3898 1156 3954 de
1169 3898 1231 3953 aliis
1244 3900 1445 3957 mercatoribus

341 3990 378 4044 ad
391 3988 490 4044 leriam
503 3988 660 4058 predictam
672 3988 850 4042 venientibus
863 3988 1036 4058 temporibus
1049 3988 1196 4043 retroactis
1207 3998 1349 4057 ceperunt

271 4061 274 4066 ¹
396 4078 429 4131 ln
451 4076 531 4131 cuius
550 4076 590 4131 rei
612 4076 805 4131 testimonium
827 4076 892 4130 huic
914 4075 1019 4145 scripto
1040 4075 1186 4129 indentato
1207 4091 1294 4145 penes
1320 4076 1445 4131 Priorem

341 4174 369 4219 et
390 4166 569 4219 Conuentum
589 4163 626 4218 de
648 4162 820 4217 Bemewelle
839 4162 995 4217 remanenti
1017 4162 1109 4231 sigilla
1131 4162 1318 4230 Burgensium
1342 4165 1446 4219 Cante-

341 4249 429 4322 brigie
450 4250 580 4306 videlicet
601 4250 719 4305 Roberti
740 4250 843 4320 Tuylet
862 4261 928 4305 tunc
949 4248 1075 4317 Maioris,
1099 4250 1289 4305 Bartholomei
1312 4251 1445 4323 Gogging

341 4350 393 4396 etc.
413 4349 478 4394 sunt
496 4354 631 4409 appensa
762 4407 926 4459 mmmmm
950 4408 998 4461 MS

929 4443 936 4467 ‚
1001 4442 1008 4459 .
