3234 5059
329 396 402 469 300
652 378 815 453 Tenants
840 378 881 452 in
909 377 1123 452 comberton
1312 374 1429 473 [Boon

325 563 507 643 adiacente,
537 577 571 631 et
594 568 702 633 reddit
724 569 803 635 inde
825 589 884 653 per
907 587 1032 633 annum
1063 566 1128 650 iiij.
1159 565 1293 641 solidos,
1322 574 1357 629 et
1386 563 1427 645 ij.

326 689 470 753 capones
492 670 535 734 ad
561 671 690 737 Natale.

390 772 577 837 Willelmus
593 773 679 839 filius
696 774 830 839 Radulfi
848 783 939 839 tenet
950 794 1052 839 vnum
1068 774 1217 838 clausum
1233 782 1267 837 et
1282 772 1430 856 quinque

324 894 417 938 acras
432 884 525 953 terre,
541 886 575 941 et
591 878 698 942 reddit
715 878 793 942 inde
807 899 866 961 per
881 898 1006 942 annum
1022 876 1141 958 xxxij.
1158 876 1320 940 denarios.

390 978 582 1065 Stephanus
605 982 805 1067 Capellanus
836 994 929 1049 tenet
959 1004 1061 1049 unum
1084 984 1235 1048 clausum
1258 1003 1334 1047 cum
1364 1001 1430 1045 vna

324 1084 463 1149 dimidia
499 1106 576 1150 acra
612 1096 706 1164 terre,
741 1097 775 1152 et
814 1088 923 1153 reddit
960 1087 1038 1151 inde
1074 1107 1134 1171 per
1170 1106 1294 1150 annum
1332 1106 1428 1149 mxx.

325 1187 486 1253 denarios.

390 1291 577 1358 Willelmus
605 1294 776 1359 Bercarius
803 1305 895 1361 tenet
926 1317 1027 1360 vnum
1051 1295 1199 1360 clausum
1222 1315 1298 1358 cum
1325 1291 1431 1357 crofta

325 1503 486 1568 denarios

391 1607 579 1672 Willelmus
599 1608 686 1673 lilius
707 1608 867 1672 Willelmi
890 1608 1032 1691 Bercarij
1055 1617 1147 1673 tenet
1162 1628 1264 1672 vnum
1281 1608 1429 1670 clausum

325 1731 400 1776 cum
417 1712 529 1790 crosta,
544 1722 579 1777 et
595 1713 702 1779 reddit
718 1714 795 1779 inde
811 1735 870 1797 per
885 1733 1010 1777 annum
1026 1712 1067 1795 ij.
1084 1712 1217 1776 solidos.

391 1816 520 1880 Alanus
544 1816 637 1881 faber
662 1826 754 1882 tenet
780 1838 880 1882 vnam
908 1817 1048 1881 croltam
1074 1825 1109 1880 et
1133 1816 1242 1880 reddit
1268 1814 1346 1879 inde
1372 1835 1432 1897 per

324 1940 449 1983 annum
473 1921 657 2003 precentori
681 1922 723 1984 de
747 1921 949 1986 Bemewelle
972 1943 1014 1985 .x.
1037 1920 1170 1985 solidos.

390 2022 559 2088 Gilbertus
574 2026 677 2089 cisson
695 2034 786 2089 tenet
802 2046 905 2088 vnum
922 2024 1081 2101 clausum,
1096 2033 1129 2088 et
1146 2024 1256 2088 reddit
1277 2022 1355 2087 inde
1373 2044 1432 2106 per

324 2148 449 2192 annum
466 2128 650 2211 precentori
666 2130 709 2193 de
725 2129 928 2194 Bernewelle
943 2130 1043 2213 .xviij.
1059 2129 1221 2193 denarios

390 2230 580 2313 Margareta
609 2234 652 2296 de
691 2232 873 2296 Mintemor
903 2232 946 2296 de
978 2231 1201 2308 Eueresdone,
1231 2241 1266 2295 et
1296 2230 1431 2295 Amicia

323 2335 493 2416 quondam
531 2356 616 2399 vxor
653 2336 811 2399 Willelmi
851 2336 967 2400 Thede
1004 2336 1047 2399 de
1093 2335 1271 2399 Hariltone
1315 2343 1431 2398 tenent

325 2448 552 2503 tenementum
576 2440 665 2522 quod
691 2438 800 2503 Lucas
826 2440 869 2502 de
893 2439 1099 2503 Euerisdone
1121 2440 1293 2524 quondam
1324 2439 1431 2503 tenuit

326 2563 384 2627 per
398 2542 572 2607 seruicium
590 2542 704 2625 axvij.
721 2543 942 2619 denariorum,
957 2553 991 2607 et
1011 2542 1064 2626 iij.
1080 2563 1225 2627 capones
1240 2542 1283 2607 ad
1301 2542 1433 2617 Natale,

325 2657 357 2710 et
374 2645 473 2710 nichil
491 2645 642 2711 reddunt.
851 2646 993 2711 Summa
1008 2645 1095 2728 ‚lviij.
1110 2644 1208 2710 solidi
1224 2646 1280 2728 .xj.
1296 2645 1431 2710 denarii.

232 2821 247 2871 f.
265 2818 312 2887 169
393 2818 452 2881 lsti
468 2826 545 2881 sunt
562 2815 764 2897 Custumarij
783 2816 933 2881 eiusdem
951 2817 1071 2881 Prioris
1087 2817 1121 2880 in
1138 2816 1371 2882 Cumbertone

390 2957 542 3039 Rogerus
565 2956 608 3018 ad
640 2955 825 3019 Ecclesiam
848 2963 941 3019 tenet
971 2956 1025 3019 ix.
1048 2976 1142 3019 acras
1164 2964 1250 3020 terre
1272 2966 1307 3019 et
1333 2955 1434 3020 faciet

324 3061 471 3143 qualibet
481 3059 668 3143 septimana
683 3080 742 3143 per
753 3080 879 3124 annum
896 3072 962 3125 tres
971 3081 1108 3143 operas:
1123 3059 1248 3123 scilicet
1257 3061 1312 3124 die
1328 3060 1433 3138 Lune,

324 3168 379 3229 die
394 3164 559 3246 Mercurij,
574 3173 607 3227 et
623 3163 678 3227 die
689 3164 839 3241 Veneris,
851 3165 914 3229 nisi
930 3165 1052 3229 festum
1068 3164 1266 3248 impedierit,
1280 3165 1433 3248 exceptis

325 3269 492 3352 quindena
514 3267 645 3331 Natalis
668 3267 815 3344 Domini,
835 3269 1024 3353 septimana
1046 3268 1180 3347 Pasche,
1195 3278 1230 3334 et
1244 3269 1434 3353 septimana

327 3375 547 3437 Pentecostes

387 3476 559 3561 Johannes
581 3476 624 3540 de
647 3474 803 3541 Greneho
825 3485 918 3541 tenet
940 3477 1024 3542 duas
1046 3497 1141 3542 acras
1163 3486 1257 3553 terre,
1276 3486 1311 3542 et
1333 3477 1434 3543 saciet

324 3583 473 3667 qualibet
493 3582 680 3666 septimana
701 3602 760 3665 per
783 3602 909 3646 annum
930 3604 1031 3647 vnam
1051 3604 1209 3667 operam:
1233 3584 1357 3648 scilicet
1378 3585 1434 3648 die

327 3690 431 3764 Lune,
457 3688 519 3751 nisi
550 3687 670 3752 festum
702 3687 900 3770 impedierit,
929 3699 1074 3773 excepta
1104 3691 1274 3772 quindena
1302 3690 1436 3754 Natalis

327 3794 474 3869 Domini,
496 3794 684 3876 septimana
707 3794 843 3871 Pasche,
864 3805 899 3859 et
921 3795 1109 3877 septimana
1134 3797 1354 3859 Pentecostes
