3234 5059
168 370 223 469 v1]
493 372 690 446 Hundred
710 371 758 468 os
781 372 819 444 T
815 372 948 468 riplow
1201 393 1272 461 249

169 560 284 625 militis
315 561 358 625 de
390 560 489 626 feodo
520 562 658 625 Roberti
687 560 785 625 Pikot
815 560 848 623 in
877 558 1100 634 Bokeswrthe,
1131 568 1165 621 et
1196 565 1274 620 sunt

170 663 225 727 ubi
248 686 286 728 .v.
309 665 387 729 hide
410 674 444 729 et
467 665 606 730 dimidia
628 664 821 748 geldabiles.

235 768 364 832 Meldre
378 768 586 853 [Meldreth],
601 768 795 833 Meldcburn
816 767 1033 852 [Melbourn].
1079 766 1276 831 Alexander

169 870 212 935 de
237 872 357 937 Bancis
381 872 482 938 debet
504 875 531 939 .i.
554 883 690 949 sectam,
713 884 746 937 et
769 873 812 937 de
835 872 962 937 auxilio
984 872 1187 936 vicecomitis
1209 869 1275 951 ijs.

170 974 340 1041 Galfridus
362 979 405 1042 de
428 978 559 1044 Caxton
582 988 675 1044 tenet
697 978 762 1062 iiij.
785 986 915 1061 partem
940 976 1028 1041 feodi
1048 977 1077 1040 .i.
1096 975 1211 1039 militis
1233 973 1276 1038 de

171 1078 269 1144 feodo
304 1082 478 1165 Hardwyn
509 1084 552 1147 de
579 1083 746 1157 Scalariis‚
771 1092 806 1147 et
832 1082 934 1147 debet
959 1080 988 1145 .i.
1014 1090 1151 1155 sectam,
1172 1088 1207 1143 et
1232 1079 1276 1142 de

170 1183 297 1248 auxilio
326 1186 530 1250 vicecomitis
559 1186 626 1269 ,ijs
682 1186 813 1250 Ibidem
845 1184 986 1267 Egidius
1015 1184 1059 1247 de
1088 1182 1275 1265 Argentem

170 1295 263 1352 tenet
278 1288 342 1372 iiij.
355 1300 484 1373 partem
501 1289 590 1355 feodi
607 1290 636 1355 .i.
652 1290 766 1355 militis
782 1289 826 1353 de
846 1288 946 1353 feodo
961 1288 1114 1353 Wiscard
1137 1286 1276 1369 Leydet

372 1595 577 1661 Hundredus
597 1595 637 1659 de
664 1596 695 1659 T
692 1595 866 1679 rippelawc
887 1594 1072 1680 [TriplowJ.

241 1762 433 1845 Tmmpiton
449 1762 736 1846 [Trumpington].
782 1760 973 1825 Willelmus
988 1761 1032 1825 de
1050 1759 1220 1824 Euerenes
1243 1769 1277 1824 et

172 1864 302 1929 Alanus
317 1866 360 1930 de
378 1868 481 1950 Hyde
504 1876 620 1931 tenent
643 1866 778 1931 feodum
801 1866 931 1929 dimidii
956 1865 1069 1929 militis
1090 1865 1133 1929 de
1151 1864 1277 1929 honore

173 1969 334 2047 Bononie,
345 1980 379 2035 et
393 1992 458 2035 non
475 1972 599 2037 debent
614 1981 741 2037 sectam
758 1992 867 2055 neque
883 1971 1047 2035 auxilium
1064 1971 1276 2035 vicecomitis.

174 2072 301 2138 Ibidem
332 2074 502 2157 Johannes
531 2077 574 2140 de
606 2075 721 2159 Kayly
747 2084 841 2139 tenet
868 2074 966 2139 seoda
992 2074 1032 2157 ij.
1060 2073 1203 2137 militum
1234 2074 1276 2138 de

171 2176 296 2241 honore
323 2178 464 2243 Comitis
489 2178 694 2243 Aubemarle
721 2179 846 2243 scilicet
872 2180 915 2243 de
940 2179 1067 2243 honore
1091 2178 1204 2263 [castri
1233 2179 1276 2242 de

172 2280 330 2365 Craven]¹
346 2291 379 2347 et
394 2284 494 2347 debet
510 2284 538 2347 .i.
554 2293 689 2359 sectam,
706 2284 798 2348 etde
814 2283 942 2347 auxilio
957 2283 1160 2348 vicecomitis
1175 2282 1275 2365 .viijs.

171 2406 376 2468 perannum.
411 2386 541 2451 Ibidem
557 2388 723 2451 Henricus
732 2389 775 2452 de
785 2386 986 2472 Trumpiton
999 2397 1090 2452 tenet
1099 2387 1235 2451 feodum
1246 2386 1275 2469 .j.

173 2489 286 2554 militis
307 2491 349 2555 de
365 2490 463 2555 feodo
483 2490 624 2555 Matilde
645 2492 687 2555 de
709 2492 807 2569 Diua,
823 2502 857 2556 et
872 2491 973 2556 debet
988 2490 1016 2575 .j.
1033 2502 1158 2556 sectam
1174 2512 1276 2575 quarn

173 2593 318 2658 Albinus
334 2594 412 2658 facit
429 2616 488 2677 pro
502 2617 543 2658 eo
559 2616 767 2679 perannum,
783 2606 817 2660 et
832 2596 933 2659 debet
948 2617 1006 2679 per
1021 2618 1145 2660 annum
1159 2595 1225 2679 ijs.
1234 2596 1277 2660 de

172 2698 300 2762 auxilio
322 2698 534 2763 vicecomitis.
581 2698 711 2763 Ibidem
737 2698 926 2763 Willelmus
951 2699 1098 2764 Bernard
1124 2699 1225 2763 debet
1248 2699 1276 2762 .i.

172 2811 297 2865 sectam
314 2809 348 2864 et
363 2801 543 2884 respondet
557 2803 600 2866 de
616 2803 743 2866 auxilio
759 2804 962 2867 vicecomitis
977 2823 1054 2867 cum
1066 2803 1220 2885 Johanne
1234 2803 1277 2866 de

174 2906 298 2990 Kayly,
313 2916 347 2971 et
362 2915 440 2970 sunt
456 2907 580 2972 ibidem
596 2929 655 2991 per
671 2918 779 2972 totum
795 2910 862 2971 ‚xii
879 2908 957 2972 hide
973 2918 1058 2972 terre
1073 2908 1161 2971 vnde
1176 2907 1231 2971 ix.
1243 2916 1277 2971 et

172 3010 312 3075 dimidia
335 3022 412 3076 sunt
433 3011 628 3095 geldabiles,
650 3021 684 3076 et
705 3013 745 3076 ,ii
766 3011 845 3076 hide
868 3021 953 3076 terre
976 3020 1009 3075 et
1032 3012 1171 3075 dimidia
1193 3032 1277 3095 quas

172 3116 303 3180 Alanus
318 3118 361 3181 de
379 3116 448 3181 Hid
465 3127 498 3181 et
515 3116 703 3181 Willelmus
716 3117 759 3181 de
776 3118 945 3182 Euerenes
960 3126 1078 3181 tenent
1093 3117 1135 3180 de
1150 3115 1276 3180 honore

174 3220 323 3283 BononIe
343 3230 377 3284 et
399 3242 464 3284 non
487 3232 565 3286 sunt
584 3221 778 3305 geldabiles,
827 3222 956 3287 ibidem
974 3221 1168 3286 Eborardus
1182 3230 1275 3285 tenet

172 3325 305 3389 feodum
323 3327 418 3390 vnius
435 3326 548 3390 militis
564 3326 606 3390 de
622 3326 721 3390 feodo
736 3327 779 3390 de
796 3326 989 3390 Mortumer.

237 3430 354 3493 Parua
371 3430 507 3512 Selford
517 3429 636 3515 [Little
653 3429 833 3513 SheIIord].
864 3431 1138 3514 Baldewynusde
1155 3430 1276 3495 Freuill

172 3544 262 3599 tenet
277 3535 328 3598 .iii.
345 3544 473 3618 partem
497 3534 584 3599 feodi
600 3534 628 3617 .j.
646 3534 760 3598 militis
780 3534 823 3598 de
838 3535 976 3599 domino
998 3535 1093 3618 Rege
1108 3537 1142 3598 in
1158 3536 1277 3618 capite,

171 3648 205 3703 et
227 3638 271 3702 de
285 3638 411 3703 honore
427 3636 648 3723 Rich[mond]
664 3638 728 3703 iiii.
745 3649 874 3721 partem
896 3639 983 3704 feodi
999 3639 1028 3723 .j.
1045 3638 1160 3703 militis
1179 3648 1214 3704 et
1233 3639 1276 3704 de

171 3744 329 3827 episcopo
352 3744 489 3827 Elyensi
517 3745 652 3808 feodum
677 3745 705 3807 .i.
730 3745 844 3809 militis
870 3756 905 3809 et
930 3745 1069 3809 dimidii.
1114 3746 1159 3810 Et
1186 3746 1275 3809 idern

173 3848 396 3931 Baldewynus
420 3848 521 3913 debet
546 3850 572 3914 .i.
598 3859 733 3921 sectam,
762 3858 795 3912 et
820 3847 889 3932 [de]
916 3849 1043 3912 auxilio
1073 3849 1276 3914 vicecomitis

171 3974 238 4018 .x.s.
255 3974 315 4035 per
336 3973 469 4017 annum.
516 3952 562 4017 Et
583 3952 707 4017 ibidem
728 3960 806 4015 sunt
823 3952 863 4015 .ii.
878 3951 955 4016 hide
976 3961 1062 4016 terre
1082 3962 1117 4015 et
1137 3952 1306 4017 dimidias.
1324 3959 1397 4023 1⁴61>

172 4056 362 4141 geldabiles.

236 4162 264 4226 S
265 4161 427 4245 tapelford
438 4158 667 4245 [Stapleiord],
677 4160 808 4243 Magna
820 4160 956 4241 Sclsord
966 4159 1085 4243 [Great
1095 4160 1274 4245 ShelsordJ.

174 4266 361 4330 Willelmus
384 4266 428 4330 de
454 4266 632 4330 Herleston
657 4276 749 4330 tenet
774 4265 909 4330 feodum
937 4266 1066 4330 dimidii
1094 4266 1207 4330 militis
1234 4267 1277 4331 de

435 4440 444 4471 ¹
462 4442 495 4491 de
507 4441 555 4503 Ch,
570 4442 628 4492 MS.
663 4442 711 4493 See
723 4442 812 4492 Hund.
825 4441 906 4501 Rolls,
919 4442 945 4491 ii.
959 4445 1014 4505 548.
