3234 5059
359 353 430 420 214
549 330 710 428 Dispule
736 330 829 403 willa
854 330 995 403 Abbess
1019 328 1101 402 and
1122 329 1260 403 Saoters
1337 330 1458 429 [soor

355 512 494 577 ecclesia
525 513 641 579 Sancti
674 512 832 579 Edwardi
867 535 927 578 sua
963 522 1172 579 sacramenta
1204 513 1396 598 percipient,
1426 525 1461 581 et

356 616 480 681 ibidem
507 638 584 683 suas
610 618 802 683 oblaciones
830 617 960 694 sacient,
984 627 1019 681 et
1042 617 1190 682 decimas
1216 637 1294 683 suas
1319 618 1460 683 soluent

356 721 428 785 Nos
450 733 564 788 autem
588 722 688 787 frater
704 722 835 807 Symon
855 723 948 789 Prior
968 725 1012 788 de
1033 722 1236 787 Bemewelle
1255 731 1290 787 et
1309 723 1459 787 eiusdem

355 825 419 889 loci
450 836 635 891 conuentus
668 838 701 893 et
738 826 954 911 W[illelmus]
994 827 1137 891 vicarius
1171 827 1309 891 ecclesie
1344 828 1460 894 Sancti

356 928 534 994 Eadwardi
552 930 765 1013 Cantebrigie
780 952 826 995 ex
842 941 938 1014 parte
952 952 1026 1007 vna,
1039 951 1099 1014 pro
1114 929 1211 994 nobis
1222 931 1460 995 etsuccessori-

355 1033 417 1097 bus
434 1034 564 1111 nostris,
578 1045 613 1099 et
628 1056 689 1101 nos
705 1034 806 1100 frater
821 1036 992 1118 Johannes
1009 1036 1101 1099 Prior
1115 1045 1150 1100 et
1166 1035 1284 1101 iratres
1300 1036 1460 1101 heremite

355 1138 481 1202 ordinis
498 1139 613 1203 Sancti
630 1138 813 1224 Augustini
832 1140 1047 1222 Cantebrigie
1067 1160 1129 1223 pro
1150 1139 1245 1204 nobis
1266 1149 1300 1205 et
1315 1160 1460 1205 success-

354 1244 467 1309 oribus
489 1244 608 1309 nostris
630 1266 674 1309 ex
696 1245 810 1322 altera,
832 1245 1060 1328 promittimus
1079 1254 1113 1308 et
1133 1244 1321 1327 obligamus
1343 1264 1405 1309 nos
1428 1254 1461 1309 et

354 1371 560 1415 successores
577 1361 707 1416 nostros
723 1350 767 1414 ad
783 1350 897 1414 omnia
911 1358 946 1415 et
961 1349 1094 1432 singula
1109 1348 1300 1431 supradicta
1320 1347 1461 1413 fideliter

354 1456 566 1520 obseruanda
581 1465 614 1520 et
631 1456 664 1520 in
681 1456 773 1520 nullo
789 1456 923 1540 penitus
941 1454 1114 1531 contraire,
1128 1454 1359 1518 renunciantes
1380 1474 1461 1536 pure

355 1572 389 1626 et
405 1562 586 1627 deliberate
602 1562 714 1645 quoad
730 1561 894 1644 premissa
907 1560 1064 1625 omnibus
1076 1556 1259 1643 priuilegijs
1275 1558 1461 1640 impetratis

354 1688 393 1731 ac
420 1668 526 1735 eciam
553 1666 772 1750 impetrandis
799 1667 847 1732 ita
876 1676 989 1731 tamen
1020 1665 1133 1748 quoad
1163 1662 1277 1728 omnia
1303 1662 1370 1727 alia
1394 1662 1461 1727 sint

355 1772 529 1855 priuilegia
552 1782 665 1837 nostra
688 1772 789 1837 salua.

423 1876 462 1939 In
479 1876 571 1940 cuius
588 1876 633 1939 rei
649 1875 880 1941 testimonium
901 1874 1046 1959 sigillum
1069 1872 1219 1938 officialis
1241 1872 1397 1956 Elyensis
1417 1872 1460 1935 ad

356 1980 553 2045 instanciam
577 1990 726 2045 nostram
750 2001 893 2045 unacum
916 1979 1034 2063 sigillis
1057 1979 1178 2043 nostris
1201 1989 1251 2044 est
1276 1997 1460 2061 appensum

356 2086 564 2171 presentibus
580 2085 696 2150 litteris
712 2086 745 2149 in
768 2086 906 2151 modum
926 2083 1124 2167 cyrographi
1145 2083 1270 2147 diuisis.
1317 2082 1408 2145 Data
1428 2091 1461 2144 et

356 2200 431 2255 acta
461 2191 515 2254 die
547 2211 635 2255 anno
661 2200 695 2255 et
720 2190 794 2256 loco
822 2189 986 2273 predictis.
1032 2186 1190 2250 'festibus
1219 2184 1462 2249 venerabilibus

356 2296 435 2359 viris
455 2296 616 2377 magistro
632 2295 785 2359 Galsrido
808 2297 851 2358 de
868 2292 1066 2366 Pacheham,
1081 2289 1289 2356 Cancellario
1305 2288 1462 2353 vniuersi-

356 2400 435 2464 tatis
459 2399 682 2483 Cantebrigie,
704 2398 872 2482 magistris
898 2397 1046 2481 Hugone
1068 2396 1111 2459 de
1132 2396 1292 2478 Pagraue,
1314 2393 1463 2457 Henrico

356 2504 533 2589 Sampson,
557 2504 637 2569 iuris
663 2504 769 2569 ciuilis
792 2503 1044 2587 professoribus,
1066 2500 1227 2583 magistro
1250 2500 1398 2581 Hugone
1419 2500 1463 2563 de

357 2608 470 2685 Holm‚
497 2609 636 2673 domino
663 2608 814 2691 Symone
838 2608 962 2671 vicario
988 2605 1126 2671 ecclesie
1154 2604 1270 2671 Sancti
1297 2603 1462 2686 Johannis

355 2713 577 2796 Cantebrigie,
612 2712 767 2795 Johanne
808 2714 882 2788 But,
918 2710 1074 2794 Johannc
1113 2707 1278 2785 Porthors,
1316 2708 1463 2772 Ricardo

356 2818 537 2895 Laurence‚
579 2818 736 2900 Johannc
779 2818 927 2899 Martyn,
964 2834 1042 2879 cum
1083 2834 1205 2897 magna
1248 2812 1462 2877 multitudine

354 2924 556 2990 clericorum.

408 3126 456 3171 22.
504 3108 553 3171 De
566 3108 683 3188 sorana
704 3104 942 3188 composicionis
955 3104 1049 3187 facte
1071 3102 1158 3167 inter
1181 3100 1356 3168 Canonicos
1376 3102 1415 3166 da

419 3211 612 3275 Bernowelle
632 3222 665 3275 et
684 3212 883 3275 abbatissam
905 3220 936 3274 et
956 3229 1081 3273 sorores
1102 3208 1141 3271 da
1172 3206 1396 3271 Waterbeclrc¹.

192 3368 258 3410 How
267 3369 308 3411 a„
421 3334 523 3399 Anno
563 3334 689 3399 domini
724 3344 850 3399 .m⁰.cc⁰.
887 3332 1106 3414 nonagesimo
1145 3330 1248 3395 tercio
1283 3329 1463 3412 incipiente

189 3420 305 3562 sssihlpp
355 3441 479 3524 incepit
488 3440 625 3505 domina
636 3439 789 3505 Dionisia
798 3439 842 3503 de
852 3446 967 3503 monte
980 3436 1104 3502 Caniso
1116 3434 1277 3499 fabricare
1286 3433 1461 3499 ecclesiam

199 3532 248 3561 cun
268 3531 281 3561 θ
307 3532 322 3562 Ι

190 3570 268 3612 nouae
278 3570 306 3611 or
355 3556 388 3610 et
404 3544 526 3609 multas
541 3544 624 3610 alias
640 3542 790 3608 officinas
806 3543 848 3607 ad
866 3564 951 3625 opus
966 3560 1117 3606 sororum
1133 3538 1176 3603 de
1192 3539 1308 3604 ordine
1323 3538 1461 3604 fratrum
1512 3608 1514 3612 ,

191 3620 309 3763 Quor
356 3651 520 3715 minorum
538 3652 570 3713 in
593 3650 741 3715 manerio
757 3670 818 3714 suo
838 3650 881 3714 de
898 3647 1129 3723 Waterbeche‚
1145 3655 1180 3710 et
1200 3666 1290 3710 anno
1310 3645 1462 3710 reuoluto

190 3771 332 3865 {pesogpge
356 3765 518 3819 uenerunt
553 3752 599 3817 ibi
629 3764 772 3837 quatuor
807 3773 937 3817 sorores
969 3752 1057 3816 circa
1090 3750 1213 3815 festum
1244 3749 1463 3815 Ascensionis

190 3872 326 3971 {tmp-
356 3858 503 3935 Domini,
518 3860 560 3923 de
576 3868 663 3923 terra
677 3859 824 3923 Francie
872 3858 916 3922 Et
929 3879 971 3923 ne
984 3856 1114 3923 matrici
1126 3855 1265 3921 ecclesie
1275 3855 1461 3939 dampnum

190 3982 247 4023 nn-
355 3964 544 4046 proucniret
557 3982 740 4045 percarum
753 3965 948 4039 aduentum,
960 3961 1049 4026 lacta
1063 3972 1115 4027 est
1130 3960 1335 4043 composicio
1350 3960 1383 4023 in
1399 3960 1462 4025 hec

355 4069 456 4133 uerba
467 4092 474 4132 t

402 4206 409 4237 ¹
428 4208 480 4257 For
502 4208 544 4257 the
566 4208 661 4271 history
684 4207 713 4256 ol
732 4208 781 4258 this
803 4206 953 4258 foundation
974 4222 1015 4256 see
1037 4209 1061 4254 A
1085 4206 1192 4268 History
1212 4204 1245 4267 os
1258 4204 1299 4253 the
1321 4203 1415 4252 Parisii
1437 4204 1469 4268 of

359 4290 519 4351 Waterbeaclr,
533 4291 566 4355 by
577 4290 618 4340 W.
638 4292 671 4341 K.
687 4291 759 4355 Clay.
774 4292 801 4340 B.
808 4292 851 4348 D„
863 4292 912 4342 8vo
926 4290 1016 4340 Camb.
1033 4292 1102 4355 1859,
1117 4306 1141 4353 p.
1156 4305 1185 4353 ⁹1
1200 4288 1301 4350 (Camb.
1314 4288 1376 4337 Ant.
1389 4289 1459 4347 Soc,

353 4378 401 4425 8uo
414 4372 507 4437 Publ).
