3234 5059
342 409 407 458 102
566 384 607 457 A
636 386 747 460 claim
761 386 838 483 for
861 385 988 484 dowry
1013 388 1119 460 made
1145 387 1189 484 by
1322 382 1441 483 [BOOK

171 578 317 672 ssss'fflf
403 569 450 633 Et
477 570 569 633 Prior
597 570 689 633 uenit
715 579 749 633 et
776 569 858 632 dicit
885 570 976 651 quod
1003 590 1070 633 non
1097 568 1198 634 debet
1224 570 1302 633 inde
1327 571 1442 634 dotem

298 659 304 672 ⁸
337 672 468 749 habere,
491 672 570 756 quia
595 674 677 738 dicit
701 674 791 756 quod
816 672 983 755 predictus
1007 672 1176 738 Galfridus
1199 674 1370 756 quondam
1395 674 1444 735 uir

338 780 442 860 ipsius
466 778 605 842 Mabilie
628 800 695 843 non
719 780 827 843 tenuit
849 778 940 841 illam
966 788 1088 842 terram
1112 779 1174 841 nisi
1198 779 1239 841 ad
1264 780 1443 842 terminum

338 884 408 947 uite
427 902 495 959 sue,
510 893 545 948 et
567 904 634 947 non
656 885 689 946 in
711 883 809 947 feodo
831 883 877 946 ita
898 894 935 947 ut
955 903 1029 946 eam
1046 883 1124 946 inde
1140 884 1257 947 dotare
1273 894 1394 966 posset,
1410 893 1445 947 et

339 986 464 1070 profert
486 989 658 1070 quoddam
681 987 927 1072 cyrographum
951 988 1037 1051 inter
1056 1008 1113 1051 eos
1135 986 1333 1061 confectum,
1353 988 1443 1070 quod

339 1098 481 1153 testatur
503 1090 594 1172 quod
618 1090 706 1153 idem
729 1089 898 1153 Galfridus
919 1091 1043 1172 recepit
1064 1111 1084 1153 a
1104 1090 1253 1171 predicto
1277 1090 1388 1153 Priore
1411 1099 1445 1153 et

339 1193 516 1259 Conuentu
544 1196 587 1257 de
614 1177 816 1258 Bemewelie
847 1195 1030 1276 predictam
1061 1203 1182 1257 terram
1214 1195 1393 1259 tenendam
1425 1214 1445 1257 a

340 1296 451 1361 Priore
477 1299 627 1381 predicto
654 1311 688 1363 et
715 1298 892 1363 Conuentu
921 1300 962 1361 ad
995 1299 1173 1363 terminum
1205 1300 1273 1363 uite
1303 1320 1371 1376 sue,
1399 1300 1445 1363 ita

340 1401 430 1483 quod
451 1410 526 1483 post
548 1411 689 1465 mortem
712 1403 814 1485 ipsius
836 1401 977 1465 Galsridi
999 1411 1071 1466 tota
1092 1413 1178 1466 terra
1200 1401 1348 1484 predicta
1369 1419 1444 1463 cum

340 1505 553 1587 pertinenciis
579 1504 680 1569 debet
707 1508 825 1569 reuerti
851 1504 894 1569 ad
921 1505 1088 1589 predictos
1117 1506 1263 1569 Priorem
1293 1515 1327 1569 et
1358 1504 1446 1569 Con·

341 1618 478 1674 uentum
501 1611 615 1692 quieta
641 1611 674 1674 in
700 1621 918 1693 perpetuum;
949 1620 983 1675 et
1010 1612 1052 1674 de
1075 1611 1139 1674 hoc
1162 1612 1258 1693 ponit
1284 1631 1320 1674 se
1347 1630 1446 1693 super

340 1714 492 1795 patriam.

263 1820 326 1885 ist
407 1817 453 1879 Et
474 1816 624 1900 predicta
646 1817 786 1881 Mabilia
806 1818 888 1882 dicit
909 1820 999 1901 quod
1020 1827 1112 1881 carta
1133 1818 1190 1882 illa
1211 1838 1277 1881 non
1299 1818 1400 1883 debet
1415 1820 1446 1881 ei

177 1908 321 2004 ffl'ngw‘
341 1940 467 1999 nocere,
480 1923 559 2005 quia
574 1924 654 1986 dicit
668 1922 757 2006 quod
775 1924 942 2005 predictus
956 1922 1126 1986 Galsridus
1138 1922 1246 1986 tenuit
1262 1922 1445 2005 predictam

180 2012 282 2054 ΗΜ*
341 2035 461 2088 terram
487 2027 519 2089 in
544 2026 650 2090 feodo.
699 2026 790 2089 Dicit
814 2026 901 2089 enim
927 2026 1016 2108 quod
1038 2026 1187 2109 predicta
1208 2035 1295 2089 terra
1315 2025 1376 2089 fuit
1397 2027 1446 2089 ius

341 2137 374 2190 et
399 2128 565 2193 hereditas
592 2131 763 2193 cuiusdam
791 2130 981 2211 Margarete
1005 2130 1120 2192 matris
1143 2129 1281 2213 predicti
1307 2128 1447 2194 Galsridi

341 2233 512 2314 quondam
529 2234 590 2296 uiri
611 2234 670 2310 sui,
686 2242 720 2296 et
741 2234 818 2296 inde
839 2232 923 2314 obijt
938 2235 1063 2315 seysita
1080 2245 1115 2297 ut
1130 2234 1173 2297 de
1195 2233 1302 2311 feodo,
1317 2244 1351 2298 et
1371 2243 1447 2317 post

342 2346 483 2399 mortem
501 2336 603 2419 ipsius
625 2337 816 2419 Margarete
837 2338 1010 2400 descendit
1026 2338 1076 2400 ius
1093 2348 1178 2401 terre
1194 2336 1282 2400 illius
1298 2338 1448 2419 predicto

343 2440 496 2506 Galsrido
518 2440 688 2523 quondam
712 2442 784 2504 uiro
809 2440 912 2524 ipsius
937 2441 1075 2505 Mabilie
1097 2441 1154 2524 qui
1178 2440 1328 2524 terra[m]
1356 2441 1446 2504 illam

342 2546 450 2610 tenuit
466 2545 499 2609 in
516 2545 614 2610 feodo
629 2547 684 2610 die
699 2566 767 2628 quo
782 2566 857 2610 eam
874 2546 1099 2629 desponsauit,
1112 2548 1158 2611 ita
1173 2546 1263 2629 quod
1278 2567 1353 2611 eam
1370 2548 1448 2611 inde

342 2650 459 2714 dotare
480 2660 612 2733 posset;
635 2659 670 2713 et
689 2652 732 2713 de
752 2650 816 2713 hoc
837 2650 933 2732 ponit
948 2670 984 2713 se
1000 2670 1099 2733 super
1115 2650 1265 2731 patriam.
1311 2648 1356 2713 Et
1373 2650 1448 2713 ideo

343 2764 537 2838 preceptum
553 2763 604 2818 est
620 2755 687 2819 tale
701 2755 818 2818 breue:

606 2996 632 3063 5.
677 2982 781 3047 Breue
804 2983 892 3065 regis
914 2984 953 3047 dc
977 2982 1191 3065 inquisitum.

182 3164 293 3207 orceror
399 3132 564 3206 H[enricus]
583 3134 629 3189 dei
649 3134 744 3203 gracia
766 3144 818 3187 etc.
839 3133 996 3188 vicecomiti
1017 3134 1197 3203 Cantebrigie
1219 3135 1345 3188 salutem.
1385 3137 1449 3191 Pre-

180 3214 331 3307 {ffl‘ffiff
345 3224 466 3295 cipimus
485 3223 534 3279 tibi
554 3223 630 3293 quod
649 3240 744 3277 coram
767 3233 794 3277 te
813 3232 841 3276 et
860 3238 956 3276 coram
975 3223 1138 3277 custodibus
1157 3221 1322 3294 placitorum
1346 3240 1448 3277 corone

181 3319 330 3406 ²⁰⁸⁰me
345 3323 441 3367 nostre
462 3314 490 3367 in
513 3314 597 3383 pleno
615 3310 751 3366 comitatu
774 3312 870 3366 uenire
891 3311 979 3366 iacias
998 3310 1051 3366 ‚xii
1071 3322 1130 3367 tam
1152 3312 1255 3367 milites
1274 3329 1360 3383 quam
1378 3312 1449 3367 alios

181 3365 304 3468 iumen
345 3400 448 3455 liberos
466 3400 596 3455 homines
614 3407 642 3454 et
660 3399 765 3467 legales
783 3399 820 3454 de
839 3398 964 3453 uisneto¹
982 3399 1019 3453 de
1041 3399 1232 3467 Maddingele,
1251 3416 1301 3469 per
1319 3416 1391 3469 quos
1409 3398 1448 3453 rei

181 3465 285 3557 pam
345 3492 449 3545 ueritas
471 3490 571 3543 melius
592 3487 657 3541 sciri
679 3488 790 3557 poterit,
812 3498 839 3541 et
861 3486 909 3557 qui
935 3504 987 3541 nec
1009 3488 1130 3557 priorem
1152 3486 1188 3539 de
1211 3484 1380 3540 Berneweile
1405 3486 1450 3539 uel

348 3579 496 3632 Mabiliam
509 3594 564 3647 que
576 3577 628 3631 suit
640 3595 707 3631 vxor
721 3576 840 3631 Galiridi
854 3577 889 3630 de
904 3576 1008 3630 Howes
1021 3575 1115 3645 aliqua
1127 3572 1263 3629 affinitate
1275 3572 1449 3642 contingant,

346 3677 373 3721 et
394 3682 445 3737 per
463 3681 561 3720 eorum
579 3676 786 3720 sacramentum
806 3664 955 3733 diligenter
973 3663 1098 3734 inquiras
1117 3664 1140 3717 si
1159 3678 1245 3716 unum
1265 3664 1450 3731 mesuagium,

346 3754 445 3823 uiginti
465 3772 530 3808 acre
549 3764 629 3822 terre,
647 3765 675 3808 et
694 3754 749 3807 due
767 3770 832 3807 acre
851 3752 923 3821 prati
943 3762 970 3805 et
993 3750 1118 3817 dimidia,
1137 3767 1201 3804 cum
1224 3750 1402 3820 pertinenciis
1421 3749 1449 3803 in

348 3842 532 3911 Maddingele
544 3841 646 3896 suerint
655 3842 701 3910 jus
714 3852 742 3895 et
755 3840 896 3895 hereditas
916 3840 1076 3907 Margarete
1089 3838 1186 3891 matris
1198 3836 1316 3907 predicti
1330 3837 1449 3892 Galsridi

346 3929 383 3983 de
402 3930 505 3983 Howes
522 3940 550 3983 et
568 3928 633 3983 inde
650 3928 720 3998 obijt
737 3928 842 3996 seysita
860 3938 889 3980 ut
907 3926 943 3982 de
960 3925 1060 3991 ieodo;
1080 3935 1106 3979 et
1124 3925 1145 3977 si
1160 3924 1287 3994 predicta
1299 3934 1373 3979 terra
1386 3936 1450 3995 post

346 4027 466 4072 mortem
484 4016 572 4087 ipsius
592 4018 753 4085 Margarcte
772 4014 950 4070 descenderit
966 4014 1092 4085 predicto
1111 4012 1239 4067 Galsrido
1256 4014 1315 4066 iure
1331 4023 1359 4067 et
1373 4016 1449 4069 here-

346 4106 444 4172 ditate,
458 4104 497 4159 ita
508 4105 585 4175 quod
598 4105 686 4159 tenuit
704 4113 806 4159 terram
824 4102 902 4157 illam
917 4104 945 4157 in
959 4102 1042 4156 feodo
1054 4101 1100 4156 die
1113 4116 1168 4170 quo
1182 4118 1245 4155 eam
1258 4102 1450 4171 desponsauit,

347 4195 419 4249 sicut
443 4192 569 4264 predicta
594 4192 714 4249 Mabilia
737 4192 814 4260 dicit,
835 4190 880 4245 uel
904 4190 928 4243 si
952 4190 1044 4243 dictus
1071 4189 1222 4257 Galfridus,
1245 4189 1389 4260 quondam
1409 4190 1451 4243 uir

348 4283 435 4352 ipsius
459 4280 585 4347 Mamilio,
603 4298 660 4335 non
682 4281 771 4335 tenuit
789 4280 868 4335 illam
888 4288 990 4333 terram
1009 4276 1063 4331 nisi
1083 4277 1120 4331 ad
1141 4278 1294 4331 terminum
1316 4276 1372 4333 uite
1392 4294 1451 4345 sue,

802 4431 811 4463 ¹
829 4432 933 4491 insueto.
952 4432 1009 4483 MS.
