3234 5059
340 384 413 455 314
618 362 656 434 T
650 369 788 435 manls‘
805 361 847 434 in
882 360 1146 456 leitthp‘ord
1325 358 1445 457 [Βοοκ

336 553 370 609 et
385 555 507 609 terram
525 542 603 609 Ade
624 545 656 608 le
671 544 800 620 Chare,
816 553 851 609 et
868 544 1027 609 abuttant
1046 564 1147 627 super
1164 554 1285 609 terram
1303 545 1444 609 Walteri

337 648 368 712 le
397 647 618 731 Frankeleyn.
664 648 760 713 Idem
787 659 880 713 tenet
911 650 944 712 in
971 649 1091 713 eodem
1119 670 1241 733 campo
1267 651 1320 714 ‚irc
1348 671 1445 713 acras

336 762 422 817 terre
437 753 525 817 inter
539 762 662 817 terram
678 752 811 817 Thome
826 754 868 817 de
885 752 994 817 Morle
1009 762 1044 818 et
1059 762 1181 817 terram
1193 775 1259 838 que
1270 754 1443 837 quondam

336 858 396 923 suit
424 858 555 923 Thome
581 858 677 922 Akat
703 867 738 922 et
763 859 921 923 abuttant
951 880 1051 941 super
1080 869 1202 923 terram
1235 858 1368 923 Radulii
1399 862 1444 924 de

337 961 567 1026 Dokeswrthe.
622 962 709 1025 Item
746 971 839 1027 tenet
868 962 897 1044 .j.
929 983 1040 1026 acram
1077 973 1112 1027 et
1146 964 1319 1028 dimidiam
1351 964 1442 1046 apud

337 1064 475 1129 Estmor
509 1066 595 1128 Inter
630 1074 753 1128 tertam
784 1064 943 1129 Willelmi
976 1064 1033 1147 filij
1067 1067 1191 1150 Rogeri
1229 1068 1372 1131 Bercarii
1408 1076 1444 1130 et

336 1177 458 1232 terram
481 1168 674 1251 Baldewyni
694 1170 738 1232 de
761 1168 914 1251 Romely.
963 1169 1048 1234 Item
1072 1180 1164 1234 tenet
1186 1194 1222 1236 .v.
1244 1191 1337 1235 acras
1356 1180 1443 1234 terre

337 1271 463 1336 scilicet
479 1272 509 1335 le
525 1273 639 1354 Sotys,
654 1283 687 1336 et
703 1272 861 1337 abuttant
877 1294 976 1355 super
992 1274 1180 1339 Ruestrate.

669 1377 811 1442 Summa
827 1378 928 1461 .xviij.
945 1386 1035 1443 acre¹
1050 1390 1084 1444 et
1099 1380 1240 1445 dimidia
1255 1389 1290 1444 et
1305 1380 1333 1461 .j.
1351 1382 1441 1445 roda.

365 1540 368 1547 .
403 1482 581 1567 Preceptor
603 1484 646 1547 de
669 1483 891 1548 Dokeswrthe
915 1494 1007 1549 tenet
1030 1484 1062 1547 in
1088 1485 1253 1568 Brigeield
1278 1483 1306 1564 .j.
1330 1505 1441 1549 acram

336 1597 371 1650 et
391 1587 565 1652 dimidiam
586 1598 620 1651 et
642 1587 669 1669 .j.
692 1589 808 1651 rodam
830 1588 916 1652 inter
935 1598 1058 1652 terram
1079 1608 1220 1671 persone
1235 1588 1278 1651 de
1294 1588 1442 1669 Wytles·

338 1691 466 1756 sordet
490 1702 611 1757 tertam
637 1693 781 1776 Philippi
805 1694 848 1757 de
872 1694 1091 1775 Scyrebume‚
1106 1705 1141 1759 et
1163 1695 1321 1758 abuttant
1343 1713 1444 1776 super

337 1806 458 1861 terram
482 1796 677 1879 Baldewyni
697 1795 741 1860 de
765 1796 918 1880 Romely.
966 1797 1052 1861 Item
1074 1808 1166 1862 tenet
1186 1798 1219 1860 in
1239 1796 1440 1863 Stonhilseld

221 1912 235 1961 t
255 1913 324 1976 1751)
337 1898 390 1981 iij.
413 1918 506 1962 acras
528 1908 615 1962 terre
635 1898 721 1963 inter
743 1908 865 1962 terram
889 1899 1029 1981 predicti
1054 1898 1207 1982 Philippi,
1227 1908 1262 1963 et
1284 1899 1442 1963 abuttant

337 2024 436 2086 super
452 2004 639 2067 Ruestrate.
678 2003 774 2067 Idem
790 2014 884 2068 tenet
899 2002 928 2085 .j.
945 2024 1056 2067 acram
1072 2014 1157 2068 terre
1173 2014 1207 2066 et
1219 2004 1390 2067 dimidiam
1406 2005 1440 2067 In

337 2108 455 2171 eodem
485 2127 607 2190 campo
638 2108 723 2171 inter
753 2118 875 2171 terram
907 2108 1047 2191 predicti
1079 2108 1223 2191 Philippi
1253 2118 1287 2171 et
1317 2118 1440 2172 terram

336 2211 468 2276 Thome
482 2211 525 2275 de
542 2210 657 2290 Morle,
668 2222 703 2275 et
719 2212 876 2276 abuttant
891 2233 991 2295 super
1008 2212 1214 2277 Yeuestrate.
1245 2212 1332 2275 Item
1348 2221 1442 2277 tenet

335 2313 376 2396 ‚ij.
407 2334 500 2378 acras
529 2323 616 2379 terre
646 2314 679 2378 in
709 2315 829 2379 eodem
865 2336 986 2399 campo
1022 2316 1108 2380 inter
1142 2326 1264 2380 terram
1302 2316 1441 2380 Henrici

336 2419 504 2501 prepositi,
522 2428 556 2483 et
579 2428 700 2482 terram
725 2420 876 2483 Matildis
899 2420 942 2485 de
964 2420 1087 2496 Solers,
1106 2429 1140 2484 et
1163 2420 1319 2484 abuttant
1341 2440 1441 2504 super

335 2523 544 2587 Yeuestrate.
591 2524 676 2588 Item
693 2533 786 2589 tenet
801 2524 831 2606 .j.
848 2546 959 2589 acram
976 2534 1010 2589 et
1025 2524 1201 2589 dImidiam
1217 2524 1302 2587 inter
1317 2533 1439 2588 terram

336 2627 476 2710 predicti
499 2626 651 2711 Philippi,
667 2636 700 2691 et
721 2636 843 2692 terram
865 2648 931 2710 que
947 2628 1008 2691 fuit
1029 2628 1200 2710 quondam
1216 2628 1379 2709 Johannis
1397 2628 1440 2692 de

339 2730 509 2808 Herthow,
524 2742 559 2796 et
573 2730 731 2796 abuttant
746 2752 846 2814 super
861 2731 1097 2813 Stonhilweye.

730 2835 872 2899 Summa
887 2836 942 2899 ix.
958 2857 1032 2900 acre
1048 2846 1082 2899 et
1098 2835 1238 2899 dimidia
1254 2845 1287 2899 et
1304 2836 1333 2919 .j.
1349 2836 1439 2901 roda

401 2939 551 3003 Thomas
577 2939 620 3001 de
645 2939 753 3003 Morle
779 2949 871 3003 tenet
898 2941 931 3003 in
960 2938 1127 3021 Brigeield
1155 2939 1207 3020 iij.
1234 2959 1328 3003 acras
1354 2949 1440 3004 terre

337 3042 423 3105 inter
445 3051 566 3105 terram
589 3040 732 3124 Philippi
753 3042 796 3105 de
819 3042 1029 3125 Scyrebume
1052 3052 1086 3105 et
1107 3042 1194 3105 viam
1216 3064 1280 3125 que
1302 3053 1441 3106 vocatur

336 3145 620 3228 Ykelitoneweye
667 3145 753 3208 Item
774 3156 867 3209 tenet
887 3147 920 3208 in
943 3144 1146 3211 Stonhilield
1166 3146 1219 3228 iij.
1241 3167 1334 3209 acras
1355 3155 1440 3210 terre

336 3260 371 3315 et
391 3250 575 3326 dimidiam,
590 3260 624 3313 et
642 3248 755 3330 jacent
774 3270 876 3332 super
896 3249 1030 3314 Stonhil
1051 3251 1136 3313 Inter
1157 3261 1278 3315 terram
1300 3249 1441 3332 predicti

338 3352 483 3438 Philippi
503 3364 538 3417 et
558 3363 680 3417 terram
703 3354 863 3435 Symonis
885 3354 1090 3432 Mercatoris,
1111 3366 1144 3419 et
1165 3355 1321 3419 abuttant
1341 3375 1441 3437 super

337 3468 458 3523 terram
482 3459 677 3542 Baldewyni
699 3458 743 3521 de
764 3458 917 3543 Romely.
966 3459 1061 3524 Idem
1084 3469 1177 3525 tenet
1200 3462 1233 3524 in
1254 3481 1375 3544 campo
1398 3461 1441 3525 de

339 3563 549 3628 Holmesield
565 3562 617 3644 iij.
633 3583 726 3627 acras
747 3573 843 3639 terre,
858 3571 892 3627 et
913 3564 1022 3628 iacent
1042 3584 1142 3648 super
1162 3565 1333 3648 Waytehil
1355 3565 1442 3629 inter

337 3676 457 3731 terram
479 3666 618 3750 predicti
640 3665 785 3750 Philippi
806 3677 841 3730 et
861 3676 981 3731 terram
1005 3666 1199 3752 Baldewyni
1221 3667 1264 3731 de
1285 3668 1442 3751 Romely.

339 3771 433 3835 Idem
454 3781 547 3835 tenet
562 3772 595 3834 in
614 3772 733 3835 eodem
750 3772 790 3854 ij.
806 3792 899 3835 acras
920 3782 1006 3836 terre
1026 3781 1060 3837 et
1081 3772 1265 3849 dimidiam,
1281 3783 1315 3837 et
1330 3773 1441 3838 iacent

335 3897 435 3959 super
459 3875 630 3958 Waytehil
657 3878 743 3940 inter
768 3886 890 3941 terram
922 3876 1061 3961 predicti
1088 3878 1231 3962 Philippi
1257 3889 1291 3943 et
1318 3888 1440 3943 terram

337 3979 423 4045 Petri
459 3980 490 4043 le
525 3980 661 4063 Taylur‚
690 3990 724 4044 et
759 3980 917 4045 abuttant
952 4001 1051 4065 super
1085 3990 1207 4046 terram
1247 3982 1440 4065 Baldewyni

337 4084 478 4149 Dakeni.
525 4084 620 4150 Idem
650 4096 743 4150 tenet
769 4086 832 4168 .vij.
859 4106 952 4149 acras
979 4086 1011 4149 in
1043 4084 1162 4150 eodem
1193 4106 1314 4169 campo
1344 4088 1442 4151 iuxta

335 4200 457 4254 terram
478 4189 638 4253 Willelmi
659 4192 702 4254 de
726 4190 866 4255 Hatseld
888 4200 922 4254 et
945 4191 1042 4254 iuxta
1064 4190 1385 4275 Longesorthebrige
1407 4202 1442 4256 et

335 4295 492 4359 abuttant
507 4293 597 4377 apud
613 4294 852 4360 molendinum.
1099 4296 1241 4360 Summa
1258 4318 1327 4361 .xx.
1343 4302 1444 4360 acre¹.

795 4532 804 4564 ¹
822 4550 899 4595 acras,
921 4536 977 4585 MS.
