3234 5059
163 362 219 462 tv]
442 364 503 438 tlte
528 366 671 439 sez'zure
695 364 744 461 of
761 364 823 437 the
847 363 991 461 Priory
1196 387 1265 457 233

160 551 272 613 nensis
297 552 474 635 episcopus
499 562 578 615 tunc
609 552 737 616 domini
764 551 852 633 regis
882 550 1107 615 thesaurarius
1137 549 1265 614 nullum

161 664 347 737 respectum
364 655 470 720 lacere
487 656 602 719 uolens
624 658 784 739 episcopo
801 656 939 738 Elyensi
955 666 990 719 at
1006 666 1174 732 terrorem,
1190 654 1266 717 lecit

160 760 265 823 saisiri
281 762 314 823 in
331 781 450 824 manus
468 761 571 844 Regis
586 771 695 824 totum
712 762 896 843 prioratum
913 759 956 823 de
973 759 1174 824 Bernewelle
1189 778 1265 822 cum

160 864 317 928 omnibus
332 863 375 927 ad
397 885 474 928 eum
496 866 747 948 pertinentibus.
793 864 892 928 Vnde
912 863 1068 928 dominus
1090 864 1266 946 episcopus

162 968 326 1049 Elyensis,
342 969 433 1033 tedio
456 968 603 1045 aflectus,
620 970 710 1033 misit
731 970 907 1050 pecuniam
931 968 974 1031 ad
991 969 1191 1031 scaccarium
1208 986 1267 1050 per

162 1090 298 1136 manum
332 1072 459 1136 domini
490 1071 654 1153 Johannis
683 1071 846 1155 capellani
878 1074 927 1135 sui
958 1082 1038 1135 tunc
1068 1071 1194 1135 vicarii¹
1224 1069 1267 1133 de

161 1178 379 1263 Tyringtone‚
418 1189 455 1243 vt
492 1178 647 1242 liberaret
683 1178 831 1261 seipsum
870 1180 981 1260 quoad
1021 1176 1195 1253 decimam,
1232 1186 1266 1239 et

160 1282 335 1347 dominum
378 1283 562 1347 Robertum
601 1281 643 1345 de
683 1280 857 1345 Holritone
894 1282 1090 1344 canonicum
1129 1302 1189 1365 pro
1226 1302 1267 1345 eo

161 1398 352 1465 arestatum,
367 1397 401 1452 et
417 1388 599 1472 prioratum
615 1386 657 1451 de
676 1386 878 1451 Bemewelle
891 1385 935 1449 ad
953 1406 1071 1448 manus
1088 1385 1190 1468 Regis
1206 1407 1266 1469 pro
1320 1420 1322 1425 ·

161 1514 222 1555 suo
262 1492 393 1557 delectu
438 1494 610 1573 saysitum.
671 1492 717 1555 Et
755 1501 835 1554 tuuc
873 1491 981 1573 primo
1019 1488 1136 1553 habuit
1175 1490 1268 1552 Prior

161 1598 424 1680 acquietanciam
447 1599 489 1660 de
510 1600 676 1661 scaccario
699 1618 758 1679 per
778 1597 924 1660 litteram
947 1603 1118 1678 patentem
1138 1594 1266 1658 domini

163 1702 266 1783 Regis
281 1702 391 1784 sigillo
407 1701 502 1765 uiridi
524 1703 700 1784 signatam,
723 1702 755 1763 in
778 1701 884 1765 lorma
906 1701 1057 1782 superius
1072 1699 1210 1781 scripta¹
1224 1699 1268 1762 de

162 1807 263 1869 uerbo
293 1805 335 1869 ad
364 1806 511 1871 uerbum.
559 1807 679 1870 Postea
710 1807 830 1888 petiuit
859 1806 1036 1887 episcopus
1068 1804 1222 1887 Elyensis
1247 1826 1266 1867 a

163 1910 274 1973 Priore
317 1920 351 1973 et
396 1920 562 1973 conuentu
601 1909 643 1973 de
689 1909 901 1986 Bernewelle,
939 1917 1099 1991 tanquam
1137 1910 1267 1972 decime

161 2014 401 2090 collectoribus
432 2014 559 2078 litteras
590 2014 818 2096 acquietancie
846 2013 910 2077 sub
931 2012 1041 2096 sigillo
1063 2014 1199 2096 capituli
1225 2014 1267 2077 de

161 2121 331 2184 sexcentis
351 2120 451 2184 libris.
496 2120 543 2184 Et
565 2119 720 2201 quamuis
742 2119 887 2201 sigillum
910 2118 1045 2201 capituli
1062 2119 1104 2181 ad
1126 2118 1265 2182 aliorum

161 2224 366 2288 soluencium
404 2225 650 2306 acquietancias
681 2224 805 2305 apponi
845 2244 911 2286 non
949 2222 1043 2297 solet,
1073 2242 1115 2285 ne
1152 2234 1265 2286 tamen
1280 2236 1297 2284 t.
1310 2236 1363 2301 891³

160 2328 385 2393 offenderetur
411 2328 588 2411 episcopus
612 2326 701 2391 lacta
725 2326 787 2389 luit
810 2327 840 2390 ei
863 2326 1095 2409 acquietancia
1117 2325 1180 2389 sub
1203 2326 1266 2389 hac

161 2432 276 2497 forma.

299 2685 349 2749 47.
395 2667 625 2751 Acqut'etancia
637 2668 734 2748 sacta
755 2665 886 2729 domino
907 2666 1043 2749 episcopo
1064 2668 1124 2731 sub

572 2772 680 2855 sigillo
706 2770 858 2854 Capituli.

215 2920 354 2975 Nouerint
366 2919 488 2975 uniuersi
502 2920 577 2989 quod
591 2936 643 2974 nos
657 2921 763 2987 Symon
779 2920 858 2973 Prior
867 2918 903 2973 de
916 2921 1086 2974 Bernewelle
1099 2932 1126 2976 et
1139 2921 1264 2976 eiusdem
1281 2931 1353 2971 Form
1368 2930 1396 2971 ot

161 3011 213 3065 loci
228 3019 384 3064 conuentus
396 3008 553 3079 recepimus
566 3027 584 3063 a
597 3007 749 3063 uenerabili
763 3016 842 3078 patre
856 3016 953 3061 nostro
969 3008 1086 3063 domino
1099 3007 1266 3080 W[illelmo]
1279 2980 1421 3081 ἷξὲἒρᾞῃι

160 3099 206 3155 dei
219 3098 315 3169 gracia
328 3098 461 3168 episcopo
472 3098 596 3166 Elyensi,
607 3096 721 3150 nomine
734 3096 844 3151 decime
853 3098 992 3151 bonorum
1002 3114 1115 3151 suorum
1126 3112 1264 3169 tempora·
1278 3086 1373 3181 {322¹ssss
1386 3081 1429 3122 ‘¹¹‘

160 3188 228 3241 lium
247 3186 283 3240 ad
299 3184 495 3257 episcopatum
511 3202 593 3238 suum
609 3182 812 3252 pertinencium
837 3183 954 3238 domino
976 3184 1044 3253 Regi
1062 3187 1091 3239 in
1108 3186 1264 3240 subsidium
1277 3180 1375 3282 κη·

160 3286 233 3330 terre
246 3284 343 3329 sancte
359 3274 396 3329 ad
414 3289 462 3327 sex
479 3290 570 3327 annos
587 3286 731 3335 concesse,
744 3282 892 3326 sexcentas
905 3270 991 3326 libras
1004 3273 1200 3341 sterlingorum
1213 3292 1264 3345 pro

160 3362 248 3418 tribus
267 3362 365 3433 primis
381 3362 465 3415 annis
483 3361 608 3431 integris,
626 3358 756 3415 videlicet
775 3377 826 3430 per
844 3376 946 3415 manus
965 3361 1072 3415 domini
1092 3362 1209 3418 Galtridi
1229 3365 1265 3420 de

162 3454 304 3523 Sybeseye
323 3451 469 3521 sexaginta
486 3449 643 3505 octodecim
656 3449 751 3517 libras,
765 3460 822 3503 tres
834 3449 940 3505 solidos
953 3450 1077 3520 quinque
1093 3451 1225 3507 denarios
1237 3464 1265 3507 ct

160 3542 283 3607 obolum,
308 3551 335 3594 et
359 3556 410 3609 per
435 3554 536 3591 manus
564 3537 673 3591 domini
701 3534 841 3607 Johannis
869 3536 1008 3607 capellani
1037 3538 1080 3591 sui
1108 3538 1203 3609 vicarij
1230 3540 1265 3594 de

160 3630 334 3700 Tyringtone
358 3626 527 3696 quingentas
551 3625 648 3695 viginti
679 3643 764 3681 vnam
794 3625 882 3679 libras
911 3624 1052 3680 sexdecim
1082 3626 1189 3682 solidos
1217 3648 1265 3683 sex

160 3718 290 3774 denarios
314 3727 343 3771 et
367 3732 453 3769 vnum
482 3714 603 3769 obolum.
655 3716 748 3782 Quam
775 3712 890 3782 quidem
914 3711 1064 3783 pecuniam
1094 3713 1266 3784 integraliter

160 3804 344 3876 persoluimus
363 3803 400 3858 ad
416 3803 589 3857 scaccarium
604 3801 710 3855 domini
730 3800 818 3870 Regis
833 3800 960 3870 predicto
978 3800 1095 3857 domino
1112 3801 1267 3875 J[ohanne]

160 3893 307 3962 capellano
325 3902 391 3946 tunc
408 3890 515 3946 ibidem
532 3900 672 3961 presente,
684 3898 713 3945 et
729 3888 845 3944 nomine
862 3888 970 3943 domini
985 3889 1029 3945 sui
1046 3891 1171 3962 episcopi
1184 3893 1265 3948 liber-

160 3982 288 4035 ationem
302 3988 427 4033 nostram
440 3977 578 4033 instanter
588 3988 764 4048 procurante

215 4068 248 4121 ln
262 4065 340 4120 cuius
353 4064 391 4119 rei
406 4064 598 4121 testimonium
611 4064 734 4135 presenti
748 4062 854 4134 scripto
865 4062 988 4134 sigillum
1001 4065 1212 4135 capitolinostri
1222 4078 1266 4123 est

160 4169 323 4225 appensum.
363 4152 470 4205 Datum
483 4152 511 4205 in
525 4152 648 4222 capitulo
661 4162 757 4206 nostro
770 4150 805 4205 de
821 4152 990 4205 Bernewelle
1003 4152 1049 4206 die
1063 4153 1182 4209 Sabbati
1193 4154 1266 4210 infra

160 4242 276 4297 octabas
289 4239 495 4310 assumpcionis
508 4240 590 4295 beate
610 4240 708 4306 Marie,
722 4257 797 4293 anno
810 4238 918 4293 domini
935 4249 992 4294 .m⁰.
1006 4250 1066 4295 ‚cc⁰.
1081 4243 1266 4313 nonogesimo

160 4340 268 4402 quarto.

321 4443 330 4475 ¹
349 4442 462 4500 vicarius,
476 4444 534 4495 MS.
747 4440 759 4471 ‘²
775 4442 824 4493 See
835 4442 925 4497 above,
937 4441 1048 4506 Lbapter
1060 4463 1099 4506 44.
