3234 5059
355 369 425 442 108
553 366 675 464 Riglrt
699 366 1014 464 ofpresentatz'on
1040 377 1076 441 to
1101 366 1237 441 church
1340 365 1458 465 [soor

652 572 698 635 14
753 553 951 619 Veredictum
964 554 1166 638 juratorum.

188 741 307 834 nepa
414 709 522 793 Jurati
564 709 680 774 dicunt
717 710 809 795 quod
848 710 1017 793 predictus
1060 711 1224 775 Ricardus
1264 711 1458 793 dissaysiuit

188 790 287 885 iiii?
294 792 337 835 ‘¹²‘
350 814 477 879 dictum
495 814 641 878 Priorem
654 812 799 877 dedicta
815 813 955 878 dimidia
967 836 1043 879 acra
1056 825 1142 879 terre
1153 834 1230 878 cum
1247 816 1458 898 pertinenciis

188 894 287 987 w*
350 919 470 983 iniuste
487 929 547 983 etc.
566 920 651 983 sicut
672 917 773 983 breue
789 919 878 984 dicit.
927 920 1009 984 Ideo
1023 920 1285 985 consideratum¹
1300 930 1352 983 est
1367 920 1457 1004 quod

185 994 320 1097 dm·
350 1024 459 1088 dictus
477 1023 570 1087 Prior
585 1034 756 1107 recuperet
772 1026 942 1107 saysinam
959 1024 1084 1109 sua[m]
1101 1046 1160 1108 per
1175 1026 1284 1088 uisum
1308 1023 1457 1107 recogni-

188 1098 265 1215 ως,
279 1166 337 1230 39¹>
350 1140 459 1194 torum
475 1140 509 1194 et
526 1129 690 1193 Ricardus
706 1130 739 1192 in
757 1128 983 1193 misericordia
998 1149 1059 1212 pro
1074 1128 1269 1212 dissaysina

417 1231 546 1297 Eadem
585 1232 689 1295 assisa
728 1233 820 1295 uenit
861 1235 1072 1315 recognitura
1110 1234 1138 1295 si
1177 1231 1376 1304 Humsridus
1414 1232 1458 1295 de

350 1336 527 1421 Cloptone,
541 1335 705 1401 Ricardus
715 1335 802 1400 filius
816 1336 979 1415 Susanne,
991 1347 1026 1402 et
1039 1338 1203 1403 Ricardus
1217 1338 1303 1402 filius
1316 1336 1457 1420 Aylene‚

350 1442 470 1505 iniuste
485 1450 546 1506 etc.
563 1441 828 1524 dissaysiuerunt
848 1441 992 1507 Priorem
1015 1441 1057 1507 de
1075 1442 1275 1508 Bernewelle
1290 1441 1333 1506 de
1354 1441 1458 1506 libero

349 1554 542 1610 tenemento
562 1566 623 1609 suo
640 1546 672 1609 in
696 1544 865 1629 Cloptone
888 1555 922 1610 et
938 1548 1027 1611 vnde
1043 1548 1192 1630 queritur
1214 1546 1305 1629 quod
1329 1546 1457 1628 dissay-

349 1650 499 1715 siuerunt
513 1671 591 1714 eum
604 1651 647 1713 de
663 1649 769 1714 tribus
785 1651 871 1714 acris
887 1660 972 1715 terre
985 1660 1019 1715 et
1030 1672 1072 1716 .x.
1085 1650 1200 1714 solidis
1217 1650 1365 1713 redditus
1381 1669 1457 1713 cum

349 1752 562 1837 pertinenciis
585 1753 617 1816 in
641 1754 768 1817 eadem.
816 1754 861 1818 Et
888 1752 1088 1818 Humsridus
1110 1754 1210 1830 uenit,
1230 1762 1265 1817 et
1286 1751 1459 1835 respondit

349 1878 411 1940 pro
439 1880 476 1922 se
505 1868 540 1923 et
569 1857 652 1931 aliis,
676 1869 710 1921 et
742 1858 951 1941 recognoscit
975 1880 1012 1923 se
1041 1858 1239 1941 dissaysisse
1269 1856 1457 1939 predictum

351 1963 496 2027 Priorem
524 1964 567 2027 de
589 1963 739 2046 predicta
761 1973 849 2028 terra
871 1974 905 2028 et
929 1962 1070 2041 redditu,
1092 1973 1126 2027 et
1150 1964 1180 2027 ei
1207 1962 1325 2026 reddit.
1375 1960 1457 2024 Ideo

348 2067 612 2130 consideratum²
635 2076 686 2130 est
711 2068 800 2149 quod
828 2067 996 2149 predictus
1024 2067 1118 2131 Prior
1143 2066 1265 2131 habeat
1288 2064 1457 2147 saysinam

349 2190 444 2234 suam
468 2180 501 2235 et
525 2170 692 2253 predictus
717 2171 918 2235 Humsridus
941 2174 973 2235 in
999 2171 1231 2237 misericordia.

418 2275 485 2338 iste
511 2295 626 2357 assyse
650 2285 748 2358 capte
773 2275 906 2341 fuerunt
928 2298 1040 2341 coram
1068 2277 1207 2340 domino
1234 2274 1405 2339 Willelmo
1428 2275 1458 2340 le

352 2380 475 2443 Bretun
495 2379 623 2443 domini
648 2379 750 2462 Regis
768 2380 954 2462 justiciario
969 2381 1059 2464 apud
1076 2400 1215 2464 paruam
1233 2379 1407 2445 Schelsord
1424 2382 1457 2445 in

350 2486 495 2548 crastino
515 2484 741 2548 conuersionis
759 2485 848 2549 beati
874 2485 966 2549 Pauli
988 2505 1076 2549 anno
1097 2486 1189 2567 regni
1209 2486 1296 2568 regis
1320 2489 1457 2553 Henrici

351 2588 409 2653 filii
425 2588 511 2671 regis
526 2589 690 2672 Johannis
706 2590 824 2655 .x01iii0.

457 2784 503 2851 ις.
550 2769 601 2834 Dc
623 2770 833 2834 aduocacione
857 2770 994 2835 Ecclesia
1016 2772 1054 2835 de
1083 2772 1222 2854 Byrtone
1244 2783 1356 2837 contra

695 2872 881 2953 Radulficm
903 2874 943 2936 de
965 2872 1109 2957 Cameys.

187 3044 269 3087 orne
416 3019 546 3103 Assysa
562 3020 654 3084 uenit
671 3020 883 3102 recognitura
897 3021 972 3103 quis
988 3021 1172 3086 aduocatus
1194 3032 1344 3105 tempore
1365 3022 1456 3105 pacis

185 3095 323 3238 ΞΞΞΞΞΞ
350 3123 555 3207 presentauit
570 3122 723 3186 ultimam
739 3143 916 3205 personam
933 3144 999 3205 que
1015 3134 1146 3189 mortua
1162 3125 1267 3189 estad
1281 3126 1453 3191 ecclesiam

188 3245 318 3338 iffi?
350 3230 393 3294 de
416 3229 563 3311 Byrtone
585 3248 651 3310 que
672 3238 778 3304 uacat,
793 3228 886 3292 cuius
908 3229 1168 3293 aduocacionem
1193 3228 1391 3311 Radulphus
1413 3230 1456 3293 de

353 3333 507 3414 Kamoys
526 3342 561 3396 et
580 3330 741 3395 Ascelina
758 3352 844 3395 uxor
866 3332 937 3395 eius
956 3331 1104 3395 clamant
1120 3352 1233 3395 uersus
1251 3332 1396 3396 Priorem
1413 3332 1455 3396 de

188 3458 328 3503 anserum
352 3435 562 3514 Bernewelle,
580 3446 614 3500 et
631 3435 802 3501 Othonem
824 3434 928 3500 filium
953 3436 1133 3515 Willelrni;
1155 3446 1189 3500 et
1209 3436 1296 3500 vnde
1317 3436 1455 3520 predicti

187 3510 337 3655 {Jiiiiy-
352 3539 552 3624 Radulphus
582 3550 616 3605 et
646 3539 806 3603 Ascelina
842 3540 958 3604 dicunt
993 3540 1083 3626 quod
1114 3540 1261 3623 quedam
1296 3540 1456 3619 Asceline

188 3660 307 3755 ma·
351 3646 472 3711 abania
499 3645 593 3708 istius
624 3644 783 3709 Asceline
813 3654 964 3728 tempore
993 3644 1186 3729 J[ohannis]
1218 3645 1322 3735 Regis
1352 3646 1455 3728 patris

298 3739 305 3753 ⁹
351 3750 478 3815 domini
514 3750 600 3833 regis
637 3770 724 3813 nunc
762 3749 967 3832 presentauit
1002 3748 1170 3831 quendam
1208 3748 1377 3832 Rogerum
1413 3752 1456 3815 de

354 3853 577 3937 Huntingfeld
608 3853 763 3917 clericum
790 3873 887 3915 suum
915 3851 958 3915 ad
986 3852 1169 3935 predictam
1193 3852 1376 3931 ecclesiam,
1398 3856 1455 3937 qui

351 3958 395 4023 ad
418 3959 702 4043 presentacionem
728 3976 825 4020 suam
853 3954 915 4020 suit
946 3956 1112 4020 admissus
1136 3966 1170 4020 et
1195 3958 1368 4021 institutus
1392 3957 1455 4041 [et]

351 4064 470 4128 vltimo
491 4060 576 4142 obijt
599 4081 738 4144 persona
763 4064 796 4125 in
820 4063 947 4136 eadem,
970 4073 1031 4126 etc.

188 4193 307 4236 racem
418 4167 589 4232 Predictus
611 4166 701 4228 Prior
720 4166 909 4248 dicitquod
930 4168 973 4229 ad
995 4166 1103 4248 ipsum
1120 4175 1249 4247 spectat
1266 4178 1456 4249 presentare

187 4244 316 4338 &iiiia
350 4276 393 4339 ad
425 4270 608 4356 predictam
635 4271 810 4334 ecclesiam
837 4292 878 4336 eo
907 4270 997 4353 quod
1024 4268 1161 4353 quidam
1188 4270 1386 4353 Raduiphus
1412 4273 1456 4337 de

188 4344 311 4387 Convent.

762 4417 772 4448 ¹
789 4426 972 4475 conservatum,
985 4418 1040 4468 MS.
