3234 5059
331 377 378 446 42
634 355 761 429 Grani
784 355 830 453 by
854 356 958 428 Pain
980 354 1142 428 Peverel
1318 350 1438 451 [soon

331 551 365 605 et
381 541 570 608 ludencium
594 564 666 608 mos
685 542 824 607 inoleuit
845 552 882 606 ut
903 544 936 605 in
959 542 1077 606 eodem
1094 542 1149 604 die
1165 540 1231 603 illic
1247 536 1439 603 conueniret

331 647 528 727 negociandi
544 649 656 730 gracia
672 646 770 711 turba
785 646 1006 710 uendencium
1024 654 1057 708 et
1073 644 1268 708 emencium.

168 748 290 841 20220222·
399 749 438 812 ln
466 750 530 814 hoc
556 752 662 814 eciam
690 751 765 814 loco
791 748 929 831 quidam
961 748 1064 810 homo
1095 767 1216 829 magne
1243 745 1440 821 sanctitatis,

168 849 269 941 {53¹ss
333 852 511 917 Godesone
526 854 670 930 nomine,
685 851 874 916 conuersari
894 858 1121 925 consueuerat,
1137 850 1317 913 solitariam
1335 850 1438 912 uitam

168 956 298 1043 ἓζῇἷζζζω
332 957 456 1020 ducens
483 968 517 1022 et
542 957 717 1040 paruulum
746 957 927 1021 oratorium
959 954 1147 1037 ligneum
1138 973 1170 1016 rn
1199 954 1324 1017 honore
1350 954 1439 1016 beati

168 1050 292 1142 {23³⁰
333 1059 469 1124 Andree
500 1061 657 1144 Apostoli
688 1070 916 1126 constructum
947 1059 1083 1136 habens,
1109 1060 1165 1142 qui
1193 1080 1309 1141 parum
1341 1068 1440 1122 antea

332 1165 509 1230 defunctus
531 1165 640 1229 locum
661 1167 732 1229 sine
753 1166 942 1229 habitatore
963 1174 997 1228 et
1017 1164 1198 1227 oratorium
1215 1164 1286 1227 sine
1301 1164 1440 1227 custode

332 1269 511 1335 dimiserat.

438 1468 484 1515 10.
529 1449 582 1515 De
602 1451 766 1516 dilectione
788 1451 925 1535 Pagani
945 1447 1082 1515 Peaerel
1099 1470 1198 1533 quam
1220 1446 1337 1512 habuit

715 1554 763 1618 ad
781 1554 948 1619 canonicor
968 1576 1050 1619 suos.

169 1714 260 1806 ξοιζ
257 1713 319 1805 {⁸¹¹¹
399 1711 572 1775 Predictus
598 1731 678 1775 uero
710 1711 865 1793 Paganus
891 1710 998 1776 sancti
1029 1710 1173 1775 nominis
1204 1709 1257 1774 dei
1285 1709 1438 1772 timorem

168 1815 288 1857 ‘¹¹⁶⁰w‘d
333 1814 455 1896 pariter
479 1814 606 1877 habens
629 1824 664 1878 et
688 1834 846 1889 amorem,
871 1814 989 1878 uidens
1016 1814 1194 1877 canonicos
1222 1831 1298 1875 suos
1325 1812 1358 1873 in
1385 1810 1439 1873 dei

168 1914 274 1958 0⁸³⁰¹²²
332 1917 486 1981 laudibus
516 1917 570 1981 die
600 1929 769 2000 noctuque
799 1917 1023 2000 persistentes,
1054 1915 1195 1980 deuotos
1226 1925 1259 1977 et
1289 1914 1439 1988 humiles,

256 2027 274 2077 l·
289 2044 318 2093 ¹3
332 2023 502 2085 modestos
532 2032 566 2086 et
597 2022 763 2105 pacificos,
793 2023 920 2086 honore
951 2043 986 2085 se
1020 2022 1162 2084 inuicem
1200 2020 1441 2102 preuenientes,

332 2127 434 2190 Priori
458 2148 518 2190 suo
542 2124 693 2191 Galsrido
716 2137 890 2209 tamquam
914 2126 978 2190 deo
1002 2128 1034 2190 in
1058 2124 1214 2189 omnibus
1237 2123 1440 2199 obedientes,

330 2231 373 2295 ad
397 2252 512 2294 eorum
533 2231 735 2295 ditacionem
757 2232 912 2295 ardenter
930 2228 1117 2306 anhelabat,
1133 2239 1168 2292 et
1191 2238 1318 2292 cartam
1343 2246 1438 2289 suam

330 2336 439 2417 sigillo
455 2356 516 2398 suo
531 2337 708 2417 signatam,
723 2336 933 2418 presentibus
955 2334 1068 2398 multis
1084 2334 1225 2398 testibus
1242 2334 1323 2417 ipsis
1339 2351 1439 2395 cano·

331 2442 413 2504 nicis
429 2439 628 2525 porrigebat.
675 2438 776 2503 Cuius
793 2450 889 2503 tenor
904 2438 980 2503 talis
996 2447 1054 2502 est.

458 2664 504 2709 11.
551 2644 704 2725 Qualiter
724 2645 885 2728 Paganus
907 2646 1034 2709 dotauit
1055 2645 1219 2709 canonicos
1240 2664 1321 2707 suos.

169 2824 236 2867 How
256 2824 317 2866 Palu
385 2798 518 2876 Pag'anus
539 2806 654 2861 Peuerel
672 2805 804 2859 omnibus
824 2805 985 2859 hominibus
1005 2814 1032 2859 et
1052 2804 1151 2859 amicis
1172 2804 1275 2860 francis
1298 2813 1325 2858 et
1348 2804 1439 2873 anglis

169 2874 305 2966 {Jffled
330 2903 389 2948 tam
408 2893 586 2964 presentibus
604 2910 691 2963 quam
708 2892 808 2947 futuris
828 2892 955 2948 salutem.

167 2975 255 3068 zechen
257 3025 318 3067 „he
385 2980 487 3036 Sciatis
509 2998 555 3035 me
577 2980 689 3035 dedisse
710 2991 738 3034 et
760 2980 936 3034 concessisse
953 2989 982 3035 et
1000 2980 1054 3034 hac
1074 2995 1139 3035 mea
1160 2990 1239 3034 carta
1256 2978 1439 3034 confirmasse

168 3074 270 3116 enuow·
332 3070 484 3125 Canonicis
497 3070 567 3124 meis
580 3070 616 3124 de
631 3067 813 3138 cantebrigia
829 3086 880 3139 pro
893 3085 991 3123 amore
1004 3068 1049 3123 dei
1062 3079 1090 3123 et
1103 3084 1153 3137 pro
1167 3068 1256 3122 salute
1269 3065 1363 3121 anime
1376 3084 1439 3121 mee

168 3131 318 3226 mihim
332 3174 431 3213 omnes
453 3157 587 3213 ecclesias
609 3167 636 3211 et
659 3174 757 3211 omnes
779 3156 935 3210 decimas'
927 3173 957 3209 m
978 3154 1203 3223 cantebrigesire
1223 3170 1294 3224 quas
1317 3154 1439 3222 Pycotus

167 3225 271 3326 ffitt‘d
285 3224 357 3277 by
332 3262 489 3299 vicecomes
506 3244 614 3299 eisdem
632 3243 785 3299 canonicis
802 3243 880 3298 dedit
897 3243 1038 3297 concessit
1052 3251 1079 3297 et
1092 3258 1143 3297 sua
1155 3252 1233 3296 carta
1246 3240 1439 3297 confirmauit.

331 3332 438 3387 scilicet
461 3333 610 3387 ecclesiam
635 3330 727 3385 sancti
752 3330 848 3400 Egidij
874 3330 910 3385 de
936 3330 1118 3400 Cantebrigia
1142 3330 1190 3385 ubi
1215 3330 1317 3385 domus
1342 3346 1439 3383 eorum

331 3421 449 3476 lundata
466 3432 519 3489 est,
539 3420 699 3474 Ecclesiam
718 3420 754 3473 de
777 3420 916 3474 Mordone
939 3436 1003 3473 curn
1027 3418 1145 3488 Capella
1165 3419 1201 3472 de
1224 3417 1361 3485 Redreya,
1385 3418 1439 3471 Ec·

330 3509 445 3564 clesiam
463 3509 499 3564 de
515 3509 686 3575 Thadelaus,
701 3508 859 3563 Ecclesiam
878 3508 914 3562 de
932 3508 1046 3561 Brunne
1064 3522 1128 3560 cum
1147 3506 1263 3575 Capella
1279 3506 1394 3559 Castelli
1411 3514 1440 3559 et

331 3614 396 3651 cum
416 3598 531 3666 Capella
550 3596 586 3650 de
606 3596 767 3662 caldecote,
782 3595 940 3650 Ecclesiam
957 3595 993 3650 de
1014 3594 1211 3661 Combertone,
1227 3593 1386 3647 Ecclesiam
1404 3591 1440 3646 de

334 3686 508 3754 Maddingle,
529 3685 688 3739 Ecclesiam
708 3684 745 3739 de
767 3685 914 3750 Ramtone,
936 3682 1081 3737 Ecclesiae
1103 3682 1139 3735 de
1162 3681 1331 3735 Harlestone
1353 3690 1381 3734 et
1403 3680 1438 3735 de

334 3774 496 3837 Henxtone,
507 3773 655 3827 habendas
671 3782 699 3827 et
717 3772 854 3826 tenendas
872 3772 958 3826 libere
975 3781 1003 3825 et
1016 3772 1110 3842 quiete
1122 3769 1276 3824 honorilice
1289 3779 1318 3823 et
1330 3770 1439 3836 integre

332 3862 361 3915 in
380 3860 460 3915 terris
479 3861 508 3914 in
529 3861 617 3930 pratis
637 3870 664 3914 et
682 3858 806 3929 pasturis
822 3870 851 3913 et
867 3876 932 3913 curn
948 3857 1066 3913 decimis
1083 3856 1309 3913 molendinorum
1328 3866 1356 3911 et
1374 3872 1438 3911 cum

332 3949 464 4003 omnibus
474 3947 536 4017 alijs
546 3944 725 4017 pertinenciis
737 3946 767 3999 in
780 3945 854 4001 uillis
864 3955 892 4000 et
905 3956 982 4001 extra
991 3946 1073 3999 uillas
1085 3956 1113 3999 et
1125 3946 1154 3998 in
1168 3943 1285 3999 liberam
1297 3953 1327 3999 et
1339 3958 1439 4014 puram

332 4046 360 4092 et
372 4045 537 4108 perpetuam
549 4036 742 4091 elemosinam.

387 4124 521 4181 concessi
540 4124 668 4179 similiter
686 4123 827 4178 iamdictis
848 4120 999 4175 Canonicis
1017 4121 1088 4175 duas
1104 4130 1199 4191 partes
1212 4120 1386 4174 decimarum
1403 4119 1439 4173 de

332 4214 464 4270 omnibus
490 4212 622 4283 dominijs
644 4212 772 4266 omnium
791 4210 913 4265 militum
935 4226 1062 4263 meorum
1083 4210 1112 4263 in
1133 4206 1366 4277 cantebrigesire,
1386 4206 1437 4261 sci-

332 4305 397 4359 licet
407 4302 442 4356 de
453 4302 630 4368 [andbeche
639 4301 675 4355 de
683 4300 879 4366 Waterbeche,
890 4298 927 4352 de
937 4298 1043 4366 Queye,
1051 4296 1087 4352 de
1096 4298 1197 4365 Stowe,
1206 4296 1242 4351 de
1254 4296 1437 4359 Middeltone,

332 4392 368 4446 de
383 4392 538 4461 Impetone,
550 4390 586 4444 de
605 4392 743 4459 Hystone,
756 4389 793 4444 de
811 4388 956 4456 Grettone,
969 4386 1005 4440 de
1023 4385 1176 4452 Holritone,
1189 4384 1226 4439 de
1240 4384 1389 4449 Ramtone,
1402 4383 1438 4437 de
