3234 5059
346 389 391 462 52
645 366 757 461 King
779 364 957 437 Edward
976 362 1148 461 confirms
1331 358 1451 459 [Boou

180 560 322 661 ffidstyos
345 557 525 621 canonicus
559 564 732 638 tamquam
768 561 956 616 attornatus
993 548 1113 612 Prioris
1149 549 1198 612 sui
1234 547 1288 611 die
1323 553 1451 611 statuto

181 659 324 752 ξῗξοξξξέῑ·
346 660 468 744 optulit
498 681 534 723 se
563 678 675 722 coram
702 655 895 740 justiciarijs
925 654 1053 719 domini
1081 653 1184 736 Regis
1211 654 1243 716 in
1271 652 1388 729 banco,
1417 660 1452 714 et

182 761 282 853 ξ’ξοῖξθ
346 765 554 849 presentibus
589 764 727 827 domino
762 762 917 844 Johanne
947 761 989 824 de
1020 759 1173 843 Kyrlrebi
1209 768 1289 823 tunc
1324 756 1451 820 domini

182 866 328 953 ξ’ῃῇῗξω
348 870 451 953 Regis
485 868 707 933 Thesaurario
749 876 784 931 et
826 866 964 929 domino
1006 865 1160 948 Johanne
1198 864 1240 927 de
1282 860 1452 944 Berewyk,

182 962 321 1052 ζ’ῑξζῖξηῃ
347 974 483 1038 domine
507 974 636 1057 Regine
660 973 798 1047 Cleric0‚
815 970 995 1053 multisque
1015 969 1142 1033 domini
1165 968 1268 1049 Regis
1290 965 1453 1041 fidelibus,

182 1060 300 1160 {ffffi
347 1072 425 1137 iecit
454 1074 623 1157 predictus
652 1073 833 1136 canonicus
864 1071 999 1133 nomine
1030 1069 1151 1134 Prioris
1181 1069 1305 1133 dictam
1339 1085 1452 1148 recog·

181 1160 323 1263 ffifffl·
347 1174 521 1249 nicionem
542 1184 577 1238 et
598 1182 649 1236 est
673 1171 870 1235 inrotulacio
892 1170 986 1234 talis:

524 1400 574 1465 27.
619 1384 816 1449 Inrotulatio
839 1385 874 1448 in
898 1384 1001 1449 banco.
1048 1382 1270 1465 Cantebregr'a.

401 1524 568 1593 Preceptum
586 1522 637 1577 fuit
655 1520 822 1591 vicecomiti,
835 1521 911 1592 quod
928 1519 1023 1574 venire
1041 1519 1145 1574 faceret
1162 1518 1209 1573 hic
1228 1518 1265 1573 ad
1283 1517 1358 1572 hunc
1377 1517 1452 1571 diem

349 1611 474 1667 Priorem
498 1612 534 1667 de
560 1611 739 1677 Bemewelle,
764 1609 802 1665 ad
827 1608 1055 1679 cognoscendum
1081 1626 1131 1679 per
1155 1626 1210 1677 que
1233 1606 1352 1661 seruicia
1377 1614 1453 1659 tenet

347 1700 505 1755 Prioratum
530 1701 566 1755 de
591 1699 762 1754 Bemewelle
785 1698 822 1753 de
848 1696 975 1752 Gilberto
1001 1696 1127 1763 Pecche;
1156 1711 1211 1767 que
1234 1694 1353 1749 seruicia
1377 1694 1452 1749 idern

348 1788 491 1842 Gilbertus
516 1786 546 1841 in
571 1786 657 1842 Curia
682 1785 769 1855 Regis
790 1784 837 1839 hic
861 1784 1002 1840 concessit
1027 1782 1143 1838 domino
1169 1782 1249 1852 Regi,
1270 1792 1299 1837 et
1320 1781 1452 1837 Alianore

348 1874 456 1943 Regine
477 1874 599 1929 consorti
622 1890 681 1941 sue,
700 1882 729 1927 et
749 1870 901 1927 heredibus
921 1872 1055 1943 ipsorum,
1074 1888 1125 1941 per
1145 1870 1232 1925 finem
1251 1869 1290 1924 ibi
1312 1869 1452 1925 intereos

346 1962 461 2029 factum,
474 1971 527 2016 etc.

400 2050 439 2104 Et
457 2048 536 2103 Prior
552 2048 629 2104 uenit
646 2057 674 2103 et
689 2045 824 2115 cognouit
840 2046 917 2118 quod
933 2056 1011 2101 tenet
1027 2043 1134 2100 dictum
1153 2043 1310 2099 Prioratum
1327 2045 1364 2101 de
1376 2044 1453 2099 dicto

348 2137 476 2193 Gilberto
492 2137 520 2192 in
537 2136 655 2192 liberam
671 2152 772 2206 puram
787 2145 817 2191 et
832 2145 996 2206 perpetuam
1010 2134 1202 2202 elemosinam,
1215 2143 1244 2189 et
1256 2134 1409 2189 attornauit
1422 2151 1453 2189 se

347 2225 454 2280 eisdem
476 2234 503 2279 et
526 2224 592 2280 iecit
612 2224 655 2279 eis
676 2224 849 2292 fidelitatem,
871 2240 922 2294 per
942 2223 1168 2293 assignationem
1192 2222 1310 2294 predicti
1333 2222 1451 2278 Gilberti

347 2314 503 2370 secundum
521 2315 640 2368 formam
662 2323 739 2369 carte
758 2311 877 2383 predicti
901 2312 1020 2369 Gilberti
1040 2312 1114 2368 lacte
1135 2312 1221 2367 Priori
1243 2320 1273 2367 et
1295 2310 1452 2367 Conuentui

347 2403 383 2456 de
397 2402 577 2469 Bemewelle,
589 2401 626 2456 de
638 2402 702 2471 jure
718 2399 919 2456 aduocacionis
935 2400 1062 2471 precb'cte
1078 2400 1209 2457 habende
1225 2410 1352 2471 ternpore
1370 2416 1452 2455 uaca-

347 2489 437 2545 cionis
450 2489 478 2543 in
493 2487 619 2543 Prioratu
631 2489 767 2559 predicto,
781 2499 834 2544 etc

416 2586 489 2650 Hec
505 2586 701 2649 inrotulacio
716 2586 904 2650 inuenietur
915 2584 957 2648 de
969 2584 1138 2666 quindena
1150 2594 1264 2649 sancte
1280 2584 1453 2649 Trinitatis

347 2686 437 2769 apud
454 2684 789 2748 westmonasterium
813 2684 846 2748 in
872 2684 993 2747 Banco.
1039 2682 1142 2747 Anno
1163 2686 1254 2766 regni
1277 2685 1362 2767 regis
1385 2683 1453 2747 Ed·

348 2788 449 2854 wardi
473 2788 530 2872 filij
556 2789 642 2872 regis
666 2788 804 2853 Henrici
829 2788 900 2870 xij0.

248 3006 335 3070 f·17b
358 3004 408 3067 28.
453 3001 505 3065 De
525 3001 766 3085 confirmacdme
788 3000 891 3085 Regis
911 3000 1082 3065 Edwardi
1101 3011 1236 3085 tempore
1257 3000 1445 3066 uacacionis.

185 3177 252 3218 now
262 3173 330 3216 nur
416 3145 494 3229 Hijs
517 3146 564 3209 ita
586 3144 697 3228 gestis,
720 3144 888 3227 predictus
912 3143 1005 3208 Prior
1028 3144 1156 3227 Symon
1182 3144 1396 3208 considerans
1418 3162 1455 3207 se

184 3227 317 3329 {illim
348 3255 382 3311 et
412 3246 586 3310 ecclesiam
617 3264 712 3309 suam
743 3244 846 3309 alium
877 3245 1000 3311 habere
1027 3255 1205 3330 patronum
1232 3266 1333 3329 quam
1364 3246 1455 3331 prius

184 3326 300 3419 {mid
349 3346 519 3423 habuerat,
542 3354 577 3409 et
600 3365 637 3408 se
661 3345 713 3408 uel
736 3364 815 3408 suos
840 3365 1043 3409 successores
1068 3366 1133 3409 non
1158 3365 1257 3428 posse
1279 3366 1354 3429 curn
1378 3364 1456 3429 rege

184 3432 303 3528 ffl‘yffi?
348 3450 476 3533 expari,
496 3450 581 3512 sicut
604 3468 680 3512 cum
704 3457 847 3532 patrono
868 3450 1075 3531 precedente,
1089 3449 1305 3525 confabulari,
1324 3449 1456 3527 timens,

184 3526 325 3669 (ᾇιῖιιξῖιῖιξι
348 3575 391 3619 ne
434 3565 585 3637 tempore
624 3553 813 3617 uacacionis
851 3552 1068 3617 exehaetores
1107 3553 1235 3617 domini
1277 3554 1379 3635 Regis
1420 3573 1456 3637 se

183 3628 327 3769 {mim
349 3660 565 3735 intruderent,
591 3667 626 3722 et
649 3656 822 3721 ecclesiam
847 3654 938 3720 illam
963 3654 1250 3739 dampnificarent,
1276 3658 1456 3739 prudenter

182 3776 335 3870 mm
348 3783 430 3828 sane
444 3762 582 3838 studuit,
597 3771 631 3825 et
646 3761 734 3825 bone
750 3762 911 3825 memorie
931 3760 1104 3824 dominum
1122 3760 1306 3823 Robertum
1325 3760 1457 3839 Burnel,

206 3878 301 3970 ὕων
347 3867 475 3930 domini
494 3866 598 3948 Regis
613 3875 693 3930 tunc
710 3864 964 3939 cancellarium,
980 3864 1042 3928 sibi
1063 3863 1262 3946 placabilem
1279 3863 1365 3929 fecit.
1410 3866 1457 3931 Et

184 3978 273 4019 Peche·
349 3991 409 4053 per
423 3970 527 4053 ipsius
543 3968 739 4051 Cancellarij
757 3967 919 4032 auxilium
940 3968 1087 4050 optinuit
1108 3968 1236 4030 domini
1260 3967 1362 4049 Regis
1378 3990 1456 4034 con·

349 4073 574 4138 firmacionem
591 4074 623 4135 in
640 4071 702 4135 hac
718 4071 844 4135 forma:

348 4200 524 4257 Eadwardus
537 4198 582 4254 dei
596 4198 692 4269 gracia
704 4208 755 4253 etc.

402 4287 522 4344 Litteras
540 4287 612 4343 inter
628 4286 746 4342 dilectos
762 4286 846 4341 nobis
863 4286 891 4340 in
910 4286 1024 4343 Christo
1042 4288 1168 4343 Priorem
1185 4299 1214 4345 et
1228 4290 1408 4346 Conuentum
1421 4289 1457 4344 de

348 4376 519 4432 Bemewelle
537 4392 572 4430 ex
588 4384 669 4445 parte
687 4391 751 4442 vna,
770 4383 798 4428 et
817 4373 951 4430 dilectum
969 4384 997 4429 et
1015 4374 1129 4430 fidelem
1147 4387 1274 4433 nostrum
1297 4378 1455 4434 Gilbertum
