3234 5059
344 329 414 395 216
534 324 696 421 Dz'spute
721 324 812 398 with
840 325 979 399 Abbess
1005 325 1086 397 and
1108 325 1250 399 Sz'sters
1326 322 1447 422 [soors

340 505 468 575 proxima
490 516 555 576 post
578 506 681 563 festum
707 508 811 565 Sancte
835 509 948 579 Agathe
972 509 1096 580 virginis,
1120 526 1196 565 anno
1220 508 1328 564 domini
1353 516 1449 563 m⁰.cc⁰

342 595 526 665 nonagesimo
545 605 654 666 quarto.

179 684 301 777 Siggmpth
396 685 495 739 Pateat
507 684 645 739 uniuersis
658 686 733 757 quod
751 703 804 755 ego
819 686 1021 741 Constantinus
1034 698 1185 758 perpetuus
1198 687 1319 741 vicarius
1330 684 1448 740 ecclesie

178 747 260 835 breui.
272 747 316 827 ιιε
341 769 378 825 de
399 772 587 827 Waterbeche
606 772 737 842 Elyensis
753 774 909 843 dyoceseos
928 786 1029 846 sponte
1046 786 1075 831 et
1095 774 1250 831 deliberate
1267 774 1403 829 submitto
1421 782 1449 826 et

179 836 238 878 Μ·
250 845 306 888 ¹²⁹⁴·
342 857 436 927 obligo
450 876 494 913 me
507 869 536 915 et
548 876 726 915 successores
738 878 818 917 meos
828 861 933 917 vicarie
944 863 1071 933 predicte
1083 863 1121 917 ad
1133 872 1269 934 perpetuo
1278 861 1449 917 seruandum

341 957 370 1000 et
382 947 535 1001 tenendum
547 946 681 1018 quicquid
693 948 863 1005 venerabilis
875 949 918 1004 vir
930 950 1065 1021 magister
1078 950 1186 1019 Gwydo
1199 950 1328 1007 officialis
1341 948 1448 1004 domini

343 1032 473 1103 Elyensis
490 1034 615 1106 episcopi
633 1035 685 1091 loci
706 1036 859 1103 dyocesani
877 1037 1049 1092 ordinauerit
1064 1048 1092 1091 et
1108 1036 1237 1092 statuerit
1254 1037 1324 1091 mihi
1341 1046 1369 1091 et
1387 1053 1447 1091 suc·

242 1118 259 1167 s.
273 1119 328 1169 urb
341 1119 499 1175 sessoribus
509 1120 580 1175 meis
590 1120 695 1175 ibidem
705 1122 874 1177 soluendum
884 1124 920 1177 ab
932 1123 1078 1178 abbatissa
1087 1135 1115 1177 et
1124 1124 1267 1178 sororibus
1277 1120 1447 1178 minorissis¹

341 1208 447 1263 ordinis
466 1211 570 1264 Sancte
589 1210 672 1265 Clare
690 1208 803 1277 ibidem,
823 1211 851 1265 in
869 1211 1166 1281 recompensacionem
1185 1211 1356 1266 minutarum
1374 1211 1448 1264 deci·

341 1314 450 1353 marum
470 1309 498 1353 et
517 1298 636 1352 aliarum
657 1298 865 1354 obuencionum
888 1300 926 1354 ad
947 1299 1083 1355 vicariam
1104 1301 1224 1355 eandem
1246 1299 1447 1371 spectancium,

340 1386 483 1441 ratificans
500 1403 551 1455 pro
567 1403 613 1441 me
630 1396 658 1441 et
677 1386 887 1442 successoribus
904 1388 975 1443 meis
991 1388 1127 1459 quicquid
1143 1390 1219 1445 idem
1235 1388 1362 1443 officialis
1375 1387 1448 1442 ordi·

340 1475 449 1531 nouerit
461 1475 490 1529 in
503 1474 655 1547 premissis

396 1565 429 1618 In
449 1564 528 1619 cuius
547 1564 585 1619 rei
605 1564 797 1621 testimonium
817 1565 938 1635 sigillum
958 1584 1052 1621 meum
1072 1584 1128 1621 vna
1146 1584 1211 1622 cum
1229 1565 1321 1635 sigillo
1340 1564 1447 1620 Decani

340 1652 376 1707 de
397 1653 560 1707 Cestertone
579 1651 756 1721 presentibus
775 1663 818 1707 est
837 1669 1003 1723 appensum.
1040 1655 1147 1708 Datum
1165 1654 1242 1723 apud
1260 1652 1448 1708 Waterbecbe

342 1738 429 1795 tercio
441 1740 503 1794 idus
516 1739 647 1809 februarii
660 1756 736 1794 anno
747 1738 855 1794 domiui
869 1749 981 1795 .m⁰.cc⁰.
994 1740 1180 1810 nonagesimo
1192 1750 1300 1810 quarto.

180 1838 293 1880 Submrs-
397 1829 494 1881 Pateat
518 1826 656 1881 vniuersis
680 1838 777 1881 sancte
797 1827 897 1882 matris
918 1827 1037 1883 ecclesie
1058 1828 1122 1882 filiis
1143 1827 1220 1898 quod
1244 1844 1296 1881 nos
1317 1827 1449 1897 Johanna

178 1888 378 1980 :fflgffide
405 1912 545 1982 Nyuemis
569 1912 715 1967 abbatissa
740 1924 767 1967 et
791 1930 903 1969 sorores
928 1914 1076 1970 minorisse
1102 1916 1209 1988 ordinis
1237 1918 1342 1970 Sancte
1365 1916 1448 1969 Clare

178 1989 316 2030 '¹⁸²²‘h⁰⁰⁶
342 2002 503 2058 monasterii
514 2002 550 2057 dc
561 2002 749 2056 Waterbeche
763 2002 895 2072 Elyensis
904 2004 1060 2073 dyoceseos
1069 2004 1239 2059 vnanimiter
1248 2016 1276 2059 et
1285 2004 1448 2070 deliberate,

178 2038 319 2135 xbigiihe
342 2090 377 2143 de
401 2107 540 2147 consensu
564 2106 697 2159 expresso
722 2090 825 2144 nobilis
849 2092 963 2146 domine
987 2092 1101 2146 domine
1127 2092 1264 2161 Dyonisie
1288 2093 1324 2146 de
1350 2094 1449 2146 Monte

179 2139 252 2239 iiiii,
260 2139 318 2230 iim·
343 2178 447 2235 Caniso
466 2179 629 2233 fundatricis
648 2190 676 2233 et
694 2188 813 2249 patrone
831 2190 935 2247 nostre,
955 2181 1146 2235 submittimus
1165 2192 1192 2235 ct
1210 2182 1369 2251 obligamus
1387 2197 1448 2247 nos,

179 2240 307 2292 F‘b'm*
342 2284 518 2323 successores
543 2277 661 2333 nostras,
686 2277 714 2321 et
739 2267 942 2322 monasterium
968 2278 1105 2333 nostrum,
1130 2269 1167 2322 ad
1194 2279 1329 2339 perpetuo
1353 2268 1448 2322 obser-

341 2356 466 2410 uandum
488 2355 648 2409 faciendum
666 2365 693 2409 et
713 2355 774 2409 sine
794 2356 1022 2411 contradiccione
1041 2356 1208 2411 soluendum
1226 2356 1363 2425 religiosis
1382 2356 1449 2410 viris

343 2442 429 2497 Priori
444 2452 471 2497 et
485 2442 644 2497 Conuentui
659 2443 696 2497 de
712 2443 891 2510 Bernewelle‚
904 2443 1059 2499 rectoribus
1076 2443 1194 2499 ecclesie
1212 2445 1248 2498 de
1261 2445 1449 2499 Waterbeche

340 2530 473 2601 predicte,
494 2530 681 2587 Constantino
698 2531 827 2586 eiusdem
845 2532 963 2587 ecclesie
982 2533 1086 2587 vicario
1104 2545 1133 2589 et
1151 2533 1360 2589 successoribus
1382 2534 1449 2601 suis,

342 2619 370 2673 in
387 2619 681 2692 recompensacionem
699 2620 871 2675 minutarum
890 2620 1073 2688 decimarum,
1085 2622 1273 2691 oblationum,
1286 2633 1313 2678 et
1331 2622 1448 2677 aliarum

341 2709 546 2765 obuencionum
578 2709 713 2776 omnium,
743 2710 877 2781 quicquid
908 2710 1076 2767 venerabilis
1106 2711 1148 2765 vir
1176 2712 1311 2781 magister
1339 2710 1449 2779 Gwydo

341 2797 468 2852 officialis
493 2796 660 2852 venerabilis
685 2797 772 2867 patris
798 2797 905 2852 domini
932 2796 1091 2869 W[illelmi]
1117 2799 1171 2854 Dei
1196 2800 1292 2868 gracia
1318 2799 1472 2868 Elyensis-

340 2888 464 2957 episcopi
494 2887 602 2941 duxerit
630 2886 827 2951 ordinandum,
853 2888 979 2943 volentes
1004 2906 1057 2943 nos
1081 2900 1109 2943 et
1133 2906 1311 2945 successores
1336 2900 1448 2945 nostras

341 2994 425 3047 posse
450 2975 579 3045 compelli
601 2992 651 3045 per
672 2975 836 3046 episcopum
860 2976 913 3031 loci
939 2978 986 3048 qui
1011 2994 1063 3047 pro
1087 2989 1215 3048 tempore
1236 2978 1318 3034 luerit
1339 2991 1367 3033 et
1389 2978 1449 3032 eius

342 3065 499 3132 officialem,
513 3065 573 3119 sine
588 3064 704 3135 strepitu
723 3064 853 3133 iudiciali,
867 3066 905 3119 ad
921 3065 1153 3121 obseruacionem
1170 3066 1361 3123 ordinacionis
1376 3066 1447 3121 eius·

341 3155 407 3209 dem
432 3172 488 3208 non
511 3155 642 3208 obstante
665 3152 760 3222 aliquo
789 3152 936 3223 priuilegio
957 3155 1052 3223 quoad
1077 3156 1151 3209 hunc
1179 3166 1275 3211 actum
1299 3157 1449 3227 impetrato

341 3260 392 3299 seu
404 3243 495 3299 eciam
508 3240 691 3311 impetrando.

397 3335 429 3388 ln
448 3332 527 3387 cuius
546 3330 584 3385 rei
603 3329 795 3385 testimonium
814 3328 938 3401 sigillum
956 3341 1084 3387 nostrum
1102 3349 1253 3387 commune
1271 3330 1449 3403 presentibus

341 3431 385 3479 est
398 3438 562 3493 appensum.

397 3512 458 3565 Nos
476 3520 571 3564 autem
592 3506 701 3578 prelata
724 3507 866 3577 Dyonisia
886 3508 922 3563 de
946 3510 1046 3566 Monte
1065 3510 1171 3565 Caniso
1192 3509 1366 3580 subscriptas
1384 3510 1448 3565 sub·

342 3595 507 3651 missionem
528 3605 556 3649 et
577 3592 786 3662 obligacionem
808 3604 886 3648 ratas
907 3594 1054 3662 habentes,
1076 3606 1215 3666 quantum
1238 3595 1266 3649 in
1288 3595 1371 3652 nobis
1394 3607 1446 3660 est,
1511 3619 1513 3623 ’

342 3682 533 3739 submittimus
562 3692 589 3737 et
615 3680 775 3751 obligamus
801 3698 854 3735 nos
877 3691 906 3737 et
929 3682 1050 3737 heredes
1075 3694 1187 3738 nostros
1214 3683 1251 3738 ad
1276 3683 1396 3739 fideliter
1419 3694 1447 3740 et

342 3782 476 3843 perpetuo
511 3769 721 3825 obseruandum
752 3768 889 3841 quicquid
920 3770 997 3825 idem
1028 3770 1157 3825 officialis
1188 3788 1273 3841 super
1303 3773 1449 3844 premissis

342 3860 473 3917 omnibus
492 3869 519 3914 et
539 3858 658 3929 singulis
678 3858 853 3915 ordinauerit
871 3859 900 3913 iu
919 3858 1072 3929 premissis

398 3949 430 4002 ln
446 3946 526 4001 cuius
539 3945 576 4001 rei
590 3944 783 4001 testimonium
797 3945 920 4015 sigillum
933 3956 1060 4001 nostrum
1074 3962 1130 4001 vna
1141 3964 1207 4001 cum
1221 3947 1314 4017 sigillo
1326 3948 1446 4019 predict·

343 4054 423 4091 arum
436 4035 580 4090 abbatisse
593 4046 621 4089 et
634 4050 760 4088 sororum
773 4032 830 4103 hijs
842 4032 943 4088 litteris
955 4032 1086 4088 duximus
1099 4036 1308 4105 apponendum.
1340 4038 1448 4092 Datum

343 4125 419 4195 apud
436 4123 631 4189 Waterbeche,
651 4122 738 4177 tercio
759 4123 825 4177 idus
845 4122 992 4191 Februarij
1010 4140 1087 4177 anno
1107 4124 1214 4178 domini
1233 4134 1336 4181 m⁰.cc⁰.
1359 4143 1447 4181 nona-

341 4216 452 4284 gesimo
471 4222 579 4284 quarto.

746 4373 756 4404 1
773 4373 911 4425 minorissis
921 4381 956 4434 et,
970 4374 1029 4424 MS.
