3234 5059
153 388 210 489 vr]
441 389 636 463 Hundred
656 390 706 486 of
722 390 834 488 Long
858 389 959 464 Stow
1188 409 1257 480 243

153 575 195 639 de
226 575 324 639 feodo
354 574 501 658 episcopi
534 574 696 656 EIyensis‚
726 583 760 639 et
790 573 892 638 debet
921 572 951 654 .j.
975 582 1101 636 sectam
1128 581 1162 636 et
1189 570 1259 655 [de]

153 680 281 744 auxilio
303 676 509 744 vicecomitis
532 680 598 763 .ij.s.

228 785 376 849 Westwic
413 783 631 867 [Westwick].
679 784 843 847 Ricardus
881 782 1070 847 BeIebuche
1106 791 1199 847 tenet
1229 782 1259 865 .j.

154 890 279 974 hydam
295 899 381 955 terre
396 892 439 954 de
455 890 555 954 feodo
574 891 722 974 episcopi
745 890 901 972 Elyensis
921 898 955 953 et
970 888 1072 954 debet
1087 888 1116 971 .j.
1131 897 1258 952 sectam

153 1003 187 1057 et
201 993 245 1057 de
260 992 387 1057 auxilio
408 993 613 1057 vicecomitis
632 994 698 1075 .ij.s.
746 992 876 1057 Ibidem
895 992 1062 1057 Robertus
1077 993 1121 1056 de
1145 992 1259 1056 Insula

152 1096 254 1160 debet
283 1097 313 1180 .j.
344 1106 469 1161 sectam
500 1117 602 1180 quam
632 1096 804 1179 Johannes
835 1097 979 1159 Wombe
1011 1096 1089 1159 facit
1119 1116 1180 1179 pro
1208 1116 1259 1160 eo.

154 1199 199 1263 Et
222 1200 311 1265 idem
336 1200 503 1265 Robertus
524 1200 626 1264 debet
649 1200 691 1264 de
714 1200 842 1265 auxilio
871 1200 1077 1263 vicecomitis
1102 1198 1203 1282 ‚iiij.s.‚
1225 1207 1259 1263 et

153 1314 231 1369 sunt
252 1304 294 1387 ij.
317 1304 395 1369 hide
418 1304 611 1387 geldabiles‚
634 1314 668 1369 et
690 1305 791 1370 debet
813 1304 1021 1388 pontagium.

217 1409 368 1491 Drayton
393 1409 481 1495 [Dry
504 1410 682 1494 Drayton}
727 1410 891 1474 Ricardus
919 1410 964 1473 de
986 1410 1140 1493 Drayton
1165 1418 1260 1475 tenet
1271 1415 1288 1466 f·
1306 1432 1350 1479 ¹44

153 1513 288 1577 feodum
305 1513 332 1596 .j.
351 1516 464 1579 militis
479 1514 523 1579 de
538 1515 638 1579 feodo
660 1514 854 1596 Hardewyn
871 1512 913 1577 de
929 1512 1083 1578 Scalariis
1104 1521 1138 1577 et
1157 1513 1260 1579 debet

152 1619 182 1699 .j.
205 1627 341 1697 sectam,
362 1620 405 1683 de
427 1620 556 1683 auxilio
576 1619 781 1684 vicecomitis
804 1619 891 1701 ,itj.s.‚
906 1628 940 1682 et
963 1627 1055 1683 tenet
1078 1617 1130 1700 iij.
1150 1618 1259 1701 hydas

152 1722 344 1804 geldabiles
390 1723 501 1788 Debet
539 1725 744 1807 pontagium.
805 1723 958 1805 Rogerus
997 1722 1125 1787 Giffard
1167 1731 1259 1787 tenet

154 1827 288 1891 feodum
305 1827 434 1892 dimidii
452 1828 565 1893 militis
580 1830 623 1893 de
646 1829 745 1893 feodo
769 1828 942 1911 Raduiphi
965 1827 1008 1891 de
1031 1827 1260 1905 Mortuomari,

154 1940 188 1995 et
203 1940 295 1995 tenet
310 1930 363 2014 iij.
379 1932 488 2015 hydas
503 1933 695 2015 geldabiles,
710 1941 744 1997 et
760 1932 860 1997 debet
877 1933 1082 2015 pontagium.
1130 1932 1260 1996 Ibidem

155 2038 244 2119 prior
257 2036 301 2099 de
325 2036 492 2101 Swauesh'
508 2047 601 2101 tenet
616 2037 668 2119 iij.
685 2037 794 2121 hydas
817 2057 884 2101 non
900 2036 1085 2119 geldabiles
1107 2046 1142 2101 et
1160 2037 1261 2101 debet

154 2140 184 2222 .j.
200 2148 335 2218 sectam,
351 2150 385 2205 et
399 2149 491 2205 tenet
507 2142 540 2204 in
557 2142 695 2206 liberam
711 2142 939 2207 elemosinam.

373 2454 575 2520 Hundredus
595 2452 635 2518 de
657 2452 767 2517 Stowe
788 2451 903 2536 [Long
926 2451 1041 2536 Stow].

223 2627 361 2693 Croxton
384 2626 574 2711 [Croxton].
633 2627 803 2709 Johannes
827 2623 870 2687 de
893 2623 1049 2689 ScaIariis
1074 2634 1166 2691 tenet
1196 2627 1262 2710 iiij.

157 2742 285 2817 partem
303 2731 390 2795 feodi
406 2731 436 2813 .j.
452 2731 565 2795 militis
581 2730 623 2793 de
640 2728 738 2792 feodo
753 2729 796 2793 de
820 2728 976 2794 Scalariis
999 2739 1032 2793 et
1055 2730 1204 2796 defendit
1227 2752 1263 2793 se
1357 2799 1373 2811 μ

157 2856 218 2920 pro
240 2856 305 2899 vna
328 2836 420 2918 hyda
441 2833 611 2917 geldabili,
633 2842 667 2895 et
690 2833 791 2897 debet
807 2834 837 2915 .j.
853 2843 990 2909 sectam,
1010 2843 1046 2898 et
1068 2835 1112 2899 de
1135 2836 1263 2899 auxilio

157 2941 360 3004 vicecomitis
390 2939 498 3015 xiid„
527 2938 628 3003 etde
654 2940 781 3003 auxilio
812 2940 971 3022 prepositi
998 2941 1075 3004 .va.
1099 2941 1262 3006 denarios.

158 3044 289 3109 Ibidem
321 3044 485 3109 Radulfus
516 3044 682 3127 Sampson
714 3053 805 3107 tenet
829 3044 871 3124 ij.
895 3044 1004 3127 hydas
1030 3054 1064 3109 et
1088 3045 1262 3111 dimidiam

156 3148 339 3233 geldabiles
377 3169 435 3231 per
472 3150 666 3211 serianciam
704 3149 748 3212 de
784 3149 924 3211 domino
961 3148 1065 3231 Rege,
1094 3158 1128 3214 et
1162 3150 1263 3215 debet

157 3254 197 3335 .ij.
236 3264 347 3337 partes
384 3255 412 3318 .i.
449 3264 547 3330 secte,
577 3264 611 3317 et
640 3254 685 3317 de
721 3253 849 3318 auxilio
886 3254 1091 3319 vicecomitis
1120 3256 1194 3339 ipse
1219 3266 1264 3319 ,et

157 3358 352 3441 homagium
368 3379 463 3423 suum
486 3368 594 3421 totum
618 3358 698 3422 .ix.r.
714 3378 772 3441 per
787 3377 921 3422 annum.
968 3358 1098 3423 Ibidem
1116 3361 1264 3425 Luciana

157 3463 201 3528 de
231 3462 383 3529 Cadamo
407 3473 499 3528 tenet
529 3464 556 3528 .i.
584 3462 709 3545 hydam
741 3472 775 3526 et
801 3463 977 3526 dimidiam
1007 3464 1191 3546 geldabiles
1221 3467 1264 3530 de

157 3569 276 3631 eodem
308 3568 415 3645 feodo,
446 3578 479 3632 et
516 3566 617 3632 debet
647 3567 699 3631 iii.
729 3575 859 3649 partem
890 3568 918 3631 .i.
955 3577 1054 3632 secte.
1101 3570 1192 3633 Prior
1221 3570 1265 3634 de

66 3727 68 3730 .
160 3672 369 3737 Huntendon
385 3683 477 3738 tenet
492 3672 534 3737 de
549 3674 668 3737 eodem
684 3670 783 3735 feodo
805 3672 834 3754 .j.
857 3672 984 3755 hydam
1007 3672 1208 3754 geldabiiem
1231 3675 1265 3739 in

158 3777 296 3841 liberam
312 3778 538 3843 elemosinam.
583 3778 661 3841 Yvo
675 3775 801 3860 Quarel
817 3785 909 3841 tenet
924 3778 967 3843 de
983 3778 1101 3843 eodem
1123 3779 1223 3844 feodo
1238 3782 1265 3844 .i.

159 3879 285 3963 hydam
300 3883 509 3964 geldabilem.

231 3984 308 4064 qut
350 3984 469 4068 [Tost].
540 3984 690 4049 Heredes
729 3983 873 4047 Alberti¹
911 3985 954 4048 de
992 3984 1114 4049 Neoill’
1151 3996 1267 4052 tenent

160 4086 295 4153 feodum
319 4090 347 4153 .i.
371 4090 485 4153 militis
507 4090 550 4154 de
574 4089 702 4152 honore
730 4088 774 4152 de
805 4088 996 4153 Richmond
1023 4091 1160 4155 Insimul
1190 4112 1267 4157 cum

161 4192 211 4257 iii.
225 4192 361 4276 virgatis
373 4203 459 4257 terre
471 4202 505 4257 et
516 4192 656 4257 dimidia
668 4193 701 4255 in
717 4191 895 4269 Swauesh’,
905 4203 939 4257 et
950 4193 1076 4259 debent
1088 4196 1117 4259 .i.
1132 4206 1268 4273 sectam,

160 4308 194 4361 et
210 4296 253 4360 de
269 4296 397 4360 auxilio
414 4296 617 4361 vicecomitis
638 4296 713 4378 .Ij.s.,
733 4306 767 4360 et
785 4296 971 4361 defendunt
986 4318 1023 4362 se
1036 4318 1098 4381 pro
1113 4297 1153 4381 .ij.
1170 4300 1269 4382 hydis

502 4458 511 4490 ¹
529 4461 577 4511 See
589 4462 677 4521 above,
691 4461 770 4511 under
781 4461 922 4529 Svavesey.

1091 4574 1187 4631 16-2
