<?xml version="1.0" encoding="UTF-8"?>
<!DOCTYPE html PUBLIC "-//W3C//DTD XHTML 1.0 Transitional//EN"
    "http://www.w3.org/TR/xhtml1/DTD/xhtml1-transitional.dtd">
<html xmlns="http://www.w3.org/1999/xhtml" xml:lang="en" lang="en">
 <head>
  <title>
</title>
<meta http-equiv="Content-Type" content="text/html;charset=utf-8" />
  <meta name='ocr-system' content='tesseract 3.04.00' />
  <meta name='ocr-capabilities' content='ocr_page ocr_carea ocr_par ocr_line ocrx_word'/>
</head>
<body>
  <div class='ocr_page' id='page_1' title='image "./libermemorandor00clargoog/libermemorandor00clargoog_0073.png"; bbox 0 0 3234 5059; ppageno 0'>
   <div class='ocr_carea' id='block_1_1' title="bbox 718 322 860 397">
    <p class='ocr_par' dir='ltr' id='par_1_1' title="bbox 718 322 860 397">
     <span class='ocr_line' id='line_1_1' title="bbox 718 322 860 397; baseline -0.014 -1"><span class='ocrx_word' id='word_1_1' title='bbox 718 322 860 397; x_wconf 79' lang='lat' dir='ltr'>March</span> 
     </span>
    </p>
   </div>
   <div class='ocr_carea' id='block_1_2' title="bbox 355 512 1181 691">
    <p class='ocr_par' dir='ltr' id='par_1_2' title="bbox 355 512 1181 691">
     <span class='ocr_line' id='line_1_2' title="bbox 355 512 1131 589; baseline -0.009 -16"><span class='ocrx_word' id='word_1_2' title='bbox 355 514 479 574; x_wconf 86' lang='lat' dir='ltr'><em>Primus</em></span> <span class='ocrx_word' id='word_1_3' title='bbox 500 516 677 573; x_wconf 79' lang='lat' dir='ltr'><em>mandentem</em></span> <span class='ocrx_word' id='word_1_4' title='bbox 698 513 842 589; x_wconf 78' lang='lat' dir='ltr'>dirumpit</span> <span class='ocrx_word' id='word_1_5' title='bbox 860 518 968 588; x_wconf 82' lang='lat' dir='ltr'>quarta</span> <span class='ocrx_word' id='word_1_6' title='bbox 989 512 1131 569; x_wconf 67' lang='lat' dir='ltr'>tuentem.</span> 
     </span>
     <span class='ocr_line' id='line_1_3' title="bbox 355 610 1181 691; baseline -0.011 -18"><span class='ocrx_word' id='word_1_7' title='bbox 355 613 464 673; x_wconf 87' lang='lat' dir='ltr'>Prima</span> <span class='ocrx_word' id='word_1_8' title='bbox 484 616 544 673; x_wconf 84' lang='lat' dir='ltr'>dies</span> <span class='ocrx_word' id='word_1_9' title='bbox 559 615 691 691; x_wconf 84' lang='lat' dir='ltr'>primam</span> <span class='ocrx_word' id='word_1_10' title='bbox 711 613 801 672; x_wconf 71' lang='lat' dir='ltr'>soceot</span> <span class='ocrx_word' id='word_1_11' title='bbox 819 613 877 671; x_wconf 84' lang='lat' dir='ltr'><em>sibi</em></span> <span class='ocrx_word' id='word_1_12' title='bbox 893 617 1002 687; x_wconf 80' lang='lat' dir='ltr'>quarta</span> <span class='ocrx_word' id='word_1_13' title='bbox 1021 610 1181 668; x_wconf 76' lang='lat' dir='ltr'>secundam.</span> 
     </span>
    </p>
   </div>
   <div class='ocr_carea' id='block_1_3' title="bbox 154 728 1417 4010">
    <p class='ocr_par' dir='ltr' id='par_1_3' title="bbox 176 728 1417 994">
     <span class='ocr_line' id='line_1_4' title="bbox 176 728 1417 896; baseline -0.007 -21"><span class='ocrx_word' id='word_1_14' title='bbox 176 837 188 875; x_wconf 92' lang='lat'>1</span> <span class='ocrx_word' id='word_1_15' title='bbox 252 817 329 893; x_wconf 85' lang='lat' dir='ltr'>iijd</span> <span class='ocrx_word' id='word_1_16' title='bbox 370 728 517 883; x_wconf 85' lang='lat' dir='ltr'>KL</span> <span class='ocrx_word' id='word_1_17' title='bbox 551 817 656 896; x_wconf 86' lang='lat' dir='ltr'>Marcij</span> <span class='ocrx_word' id='word_1_18' title='bbox 694 817 827 876; x_wconf 78' lang='lat' dir='ltr'>Mutact&#39;o</span> <span class='ocrx_word' id='word_1_19' title='bbox 844 815 1072 875; x_wconf 70' lang='lat' dir='ltr'>contrementium</span> <span class='ocrx_word' id='word_1_20' title='bbox 1090 810 1211 873; x_wconf 87' lang='lat' dir='ltr'>²Sancti</span> <span class='ocrx_word' id='word_1_21' title='bbox 1227 807 1319 870; x_wconf 78' lang='lat' dir='ltr'>dauid</span> <span class='ocrx_word' id='word_1_22' title='bbox 1341 806 1417 885; x_wconf 88' lang='lat' dir='ltr'>epis-</span> 
     </span>
     <span class='ocr_line' id='line_1_5' title="bbox 634 916 799 994; baseline -0.024 -17"><span class='ocrx_word' id='word_1_23' title='bbox 634 916 702 994; x_wconf 91' lang='lat' dir='ltr'>copi</span> <span class='ocrx_word' id='word_1_24' title='bbox 716 917 745 974; x_wconf 90' lang='lat' dir='ltr'>ix</span> <span class='ocrx_word' id='word_1_25' title='bbox 763 916 799 974; x_wconf 91' lang='lat' dir='ltr'>lc.</span> 
     </span>
    </p>

    <p class='ocr_par' dir='ltr' id='par_1_4' title="bbox 154 1003 1416 3790">
     <span class='ocr_line' id='line_1_6' title="bbox 174 1003 1324 1088; baseline -0.011 -16"><span class='ocrx_word' id='word_1_26' title='bbox 174 1030 189 1067; x_wconf 88' lang='lat'><em>2</em></span> <span class='ocrx_word' id='word_1_27' title='bbox 308 1029 325 1070; x_wconf 91' lang='lat' dir='ltr'>e</span> <span class='ocrx_word' id='word_1_28' title='bbox 383 1012 412 1088; x_wconf 87' lang='lat' dir='ltr'>vj</span> <span class='ocrx_word' id='word_1_29' title='bbox 429 1012 509 1072; x_wconf 92' lang='lat' dir='ltr'>Non.</span> <span class='ocrx_word' id='word_1_30' title='bbox 546 1010 661 1071; x_wconf 84' lang='lat' dir='ltr'>¹Sancti</span> <span class='ocrx_word' id='word_1_31' title='bbox 683 1009 780 1069; x_wconf 88' lang='lat' dir='ltr'>cedde</span> <span class='ocrx_word' id='word_1_32' title='bbox 802 1006 938 1085; x_wconf 86' lang='lat' dir='ltr'><strong>episcopi</strong></span> <span class='ocrx_word' id='word_1_33' title='bbox 959 1018 989 1067; x_wconf 90' lang='lat' dir='ltr'>et</span> <span class='ocrx_word' id='word_1_34' title='bbox 1010 1004 1195 1066; x_wconf 83' lang='lat' dir='ltr'>confessoris.</span> <span class='ocrx_word' id='word_1_35' title='bbox 1238 1003 1268 1061; x_wconf 85' lang='lat' dir='ltr'>ix</span> <span class='ocrx_word' id='word_1_36' title='bbox 1288 1003 1324 1059; x_wconf 88' lang='lat' dir='ltr'>lc.</span> 
     </span>
     <span class='ocr_line' id='line_1_7' title="bbox 172 1100 1249 1181; baseline -0.008 -18"><span class='ocrx_word' id='word_1_37' title='bbox 172 1124 189 1181; x_wconf 88' lang='lat'>3</span> <span class='ocrx_word' id='word_1_38' title='bbox 251 1105 278 1180; x_wconf 86' lang='lat' dir='ltr'>xj</span> <span class='ocrx_word' id='word_1_39' title='bbox 311 1105 326 1162; x_wconf 84' lang='lat' dir='ltr'>s</span> <span class='ocrx_word' id='word_1_40' title='bbox 401 1106 513 1165; x_wconf 84' lang='lat' dir='ltr'>vNon.</span> <span class='ocrx_word' id='word_1_41' title='bbox 552 1104 667 1164; x_wconf 76' lang='lat' dir='ltr'>Martis</span> <span class='ocrx_word' id='word_1_42' title='bbox 679 1103 784 1179; x_wconf 83' lang='lat' dir='ltr'>primo</span> <span class='ocrx_word' id='word_1_43' title='bbox 804 1108 924 1178; x_wconf 82' lang='lat' dir='ltr'>quotam</span> <span class='ocrx_word' id='word_1_44' title='bbox 936 1103 1050 1177; x_wconf 81' lang='lat' dir='ltr'>jen&#39;am</span> <span class='ocrx_word' id='word_1_45' title='bbox 1072 1102 1128 1160; x_wconf 80' lang='lat' dir='ltr'>tibi</span> <span class='ocrx_word' id='word_1_46' title='bbox 1144 1100 1249 1175; x_wconf 84' lang='lat' dir='ltr'>signat.</span> 
     </span>
     <span class='ocr_line' id='line_1_8' title="bbox 172 1195 1229 1275; baseline -0.006 -18"><span class='ocrx_word' id='word_1_47' title='bbox 172 1218 192 1271; x_wconf 92' lang='lat'>4</span> <span class='ocrx_word' id='word_1_48' title='bbox 309 1216 329 1275; x_wconf 89' lang='lat' dir='ltr'>g</span> <span class='ocrx_word' id='word_1_49' title='bbox 379 1196 418 1274; x_wconf 88' lang='lat' dir='ltr'>iiij</span> <span class='ocrx_word' id='word_1_50' title='bbox 435 1200 516 1257; x_wconf 90' lang='lat' dir='ltr'>Non.</span> <span class='ocrx_word' id='word_1_51' title='bbox 552 1200 592 1257; x_wconf 88' lang='lat' dir='ltr'>In</span> <span class='ocrx_word' id='word_1_52' title='bbox 614 1205 671 1256; x_wconf 86' lang='lat' dir='ltr'>nto</span> <span class='ocrx_word' id='word_1_53' title='bbox 692 1215 812 1255; x_wconf 79' lang='lat' dir='ltr'>nuntero</span> <span class='ocrx_word' id='word_1_54' title='bbox 831 1214 999 1255; x_wconf 70' lang='lat' dir='ltr'>contremens</span> <span class='ocrx_word' id='word_1_55' title='bbox 1018 1195 1126 1254; x_wconf 79' lang='lat' dir='ltr'>seruiet</span> <span class='ocrx_word' id='word_1_56' title='bbox 1144 1212 1229 1251; x_wconf 84' lang='lat' dir='ltr'>anno.</span> 
     </span>
     <span class='ocr_line' id='line_1_9' title="bbox 172 1280 1412 1367; baseline -0.008 -19"><span class='ocrx_word' id='word_1_57' title='bbox 172 1306 189 1367; x_wconf 82' lang='lat'>5</span> <span class='ocrx_word' id='word_1_58' title='bbox 232 1287 326 1349; x_wconf 88' lang='lat' dir='ltr'>xixA</span> <span class='ocrx_word' id='word_1_59' title='bbox 386 1288 416 1367; x_wconf 86' lang='lat' dir='ltr'>iij</span> <span class='ocrx_word' id='word_1_60' title='bbox 434 1290 514 1349; x_wconf 93' lang='lat' dir='ltr'>Non.</span> <span class='ocrx_word' id='word_1_61' title='bbox 552 1289 1001 1366; x_wconf 68' lang='lat' dir='ltr'>lnnpt&#39;tembolismusseptimus</span> <span class='ocrx_word' id='word_1_62' title='bbox 1066 1305 1121 1363; x_wconf 92' lang='lat' dir='ltr'>pro</span> <span class='ocrx_word' id='word_1_63' title='bbox 1134 1282 1271 1343; x_wconf 79' lang='lat' dir='ltr'>fratribus</span> <span class='ocrx_word' id='word_1_64' title='bbox 1286 1280 1412 1359; x_wconf 86' lang='lat' dir='ltr'>templi¹.</span> 
     </span>
     <span class='ocr_line' id='line_1_10' title="bbox 171 1379 1286 1461; baseline -0.007 -18"><span class='ocrx_word' id='word_1_65' title='bbox 171 1386 190 1443; x_wconf 88' lang='lat'><strong>6</strong></span> <span class='ocrx_word' id='word_1_66' title='bbox 231 1383 327 1461; x_wconf 87' lang='lat' dir='ltr'>viijb</span> <span class='ocrx_word' id='word_1_67' title='bbox 396 1382 415 1460; x_wconf 93' lang='lat' dir='ltr'>ij</span> <span class='ocrx_word' id='word_1_68' title='bbox 431 1385 511 1444; x_wconf 89' lang='lat' dir='ltr'>Non.</span> <span class='ocrx_word' id='word_1_69' title='bbox 551 1386 658 1461; x_wconf 67' lang='lat' dir='ltr'>locon</span> <span class='ocrx_word' id='word_1_70' title='bbox 676 1383 786 1443; x_wconf 69' lang='lat' dir='ltr'>terreus.</span> <span class='ocrx_word' id='word_1_71' title='bbox 831 1383 1035 1441; x_wconf 78' lang='lat' dir='ltr'>Reconciliam&#39;o</span> <span class='ocrx_word' id='word_1_72' title='bbox 1053 1380 1176 1440; x_wconf 82' lang='lat' dir='ltr'>ecclesiae</span> <span class='ocrx_word' id='word_1_73' title='bbox 1195 1379 1286 1437; x_wconf 81' lang='lat' dir='ltr'>istrits.</span> 
     </span>
     <span class='ocr_line' id='line_1_11' title="bbox 174 1478 518 1551; baseline 0.003 -15"><span class='ocrx_word' id='word_1_74' title='bbox 174 1496 189 1551; x_wconf 84' lang='lat'><strong>7</strong></span> <span class='ocrx_word' id='word_1_75' title='bbox 313 1496 330 1536; x_wconf 93' lang='lat' dir='ltr'>c</span> <span class='ocrx_word' id='word_1_76' title='bbox 414 1478 518 1537; x_wconf 87' lang='lat' dir='ltr'>Nonas</span> 
     </span>
     <span class='ocr_line' id='line_1_12' title="bbox 172 1567 1339 1646; baseline -0.005 -17"><span class='ocrx_word' id='word_1_77' title='bbox 172 1574 191 1629; x_wconf 89' lang='lat'>8</span> <span class='ocrx_word' id='word_1_78' title='bbox 235 1570 329 1646; x_wconf 87' lang='lat' dir='ltr'>xvjd</span> <span class='ocrx_word' id='word_1_79' title='bbox 367 1568 417 1645; x_wconf 88' lang='lat' dir='ltr'>viij</span> <span class='ocrx_word' id='word_1_80' title='bbox 434 1569 479 1630; x_wconf 91' lang='lat' dir='ltr'>Id.</span> <span class='ocrx_word' id='word_1_81' title='bbox 554 1571 627 1630; x_wconf 86' lang='lat' dir='ltr'><em>Post</em></span> <span class='ocrx_word' id='word_1_82' title='bbox 647 1590 738 1629; x_wconf 86' lang='lat' dir='ltr'>nonas</span> <span class='ocrx_word' id='word_1_83' title='bbox 758 1571 864 1628; x_wconf 81' lang='lat' dir='ltr'>mortis</span> <span class='ocrx_word' id='word_1_84' title='bbox 884 1589 937 1628; x_wconf 81' lang='lat' dir='ltr'>ner</span> <span class='ocrx_word' id='word_1_85' title='bbox 948 1570 1083 1645; x_wconf 70' lang='lat' dir='ltr'>primum</span> <span class='ocrx_word' id='word_1_86' title='bbox 1097 1567 1199 1643; x_wconf 85' lang='lat' dir='ltr'>pn&#39;ma</span> <span class='ocrx_word' id='word_1_87' title='bbox 1219 1570 1339 1624; x_wconf 76' lang='lat' dir='ltr'>crmtur.</span> 
     </span>
     <span class='ocr_line' id='line_1_13' title="bbox 174 1660 1302 1740; baseline -0.009 -16"><span class='ocrx_word' id='word_1_88' title='bbox 174 1684 191 1739; x_wconf 92' lang='lat'>9</span> <span class='ocrx_word' id='word_1_89' title='bbox 266 1682 330 1723; x_wconf 87' lang='lat' dir='ltr'>ve</span> <span class='ocrx_word' id='word_1_90' title='bbox 377 1663 416 1739; x_wconf 84' lang='lat' dir='ltr'>vij</span> <span class='ocrx_word' id='word_1_91' title='bbox 433 1663 479 1723; x_wconf 93' lang='lat' dir='ltr'>Id.</span> <span class='ocrx_word' id='word_1_92' title='bbox 554 1664 611 1723; x_wconf 87' lang='lat' dir='ltr'>Bis</span> <span class='ocrx_word' id='word_1_93' title='bbox 631 1672 733 1739; x_wconf 82' lang='lat' dir='ltr'><em>septem</em></span> <span class='ocrx_word' id='word_1_94' title='bbox 753 1664 885 1740; x_wconf 81' lang='lat' dir='ltr'>completo</span> <span class='ocrx_word' id='word_1_95' title='bbox 903 1663 964 1721; x_wconf 82' lang='lat' dir='ltr'>dies</span> <span class='ocrx_word' id='word_1_96' title='bbox 983 1667 1016 1720; x_wconf 82' lang='lat' dir='ltr'>ut</span> <span class='ocrx_word' id='word_1_97' title='bbox 1027 1660 1138 1737; x_wconf 75' lang='lat' dir='ltr'>pascha</span> <span class='ocrx_word' id='word_1_98' title='bbox 1158 1664 1302 1734; x_wconf 84' lang='lat' dir='ltr'>sequatur.</span> 
     </span>
     <span class='ocr_line' id='line_1_14' title="bbox 155 1756 479 1832; baseline 0 -16"><span class='ocrx_word' id='word_1_99' title='bbox 155 1778 192 1816; x_wconf 90' lang='lat'>10</span> <span class='ocrx_word' id='word_1_100' title='bbox 319 1756 335 1813; x_wconf 83' lang='lat' dir='ltr'><strong>f</strong></span> <span class='ocrx_word' id='word_1_101' title='bbox 390 1758 418 1832; x_wconf 86' lang='lat' dir='ltr'>vj</span> <span class='ocrx_word' id='word_1_102' title='bbox 434 1757 479 1817; x_wconf 92' lang='lat' dir='ltr'>Id.</span> 
     </span>
     <span class='ocr_line' id='line_1_15' title="bbox 154 1848 801 1926; baseline -0.011 -17"><span class='ocrx_word' id='word_1_103' title='bbox 154 1870 188 1909; x_wconf 91' lang='lat'>11</span> <span class='ocrx_word' id='word_1_104' title='bbox 232 1848 329 1925; x_wconf 76' lang='lat' dir='ltr'>xiiJg</span> <span class='ocrx_word' id='word_1_105' title='bbox 399 1868 419 1907; x_wconf 87' lang='lat' dir='ltr'>v</span> <span class='ocrx_word' id='word_1_106' title='bbox 434 1848 479 1909; x_wconf 90' lang='lat' dir='ltr'>Id.</span> <span class='ocrx_word' id='word_1_107' title='bbox 553 1849 663 1909; x_wconf 87' lang='lat' dir='ltr'>Claues</span> <span class='ocrx_word' id='word_1_108' title='bbox 684 1848 801 1926; x_wconf 84' lang='lat' dir='ltr'>pasche.</span> 
     </span>
     <span class='ocr_line' id='line_1_16' title="bbox 155 1933 1401 2021; baseline -0.006 -19"><span class='ocrx_word' id='word_1_109' title='bbox 155 1964 190 2002; x_wconf 86' lang='lat'>12</span> <span class='ocrx_word' id='word_1_110' title='bbox 262 1941 281 2018; x_wconf 90' lang='lat' dir='ltr'>ij</span> <span class='ocrx_word' id='word_1_111' title='bbox 302 1944 331 2001; x_wconf 99' lang='lat' dir='ltr'>A</span> <span class='ocrx_word' id='word_1_112' title='bbox 375 1940 415 2018; x_wconf 86' lang='lat' dir='ltr'>iiij</span> <span class='ocrx_word' id='word_1_113' title='bbox 432 1942 478 2002; x_wconf 90' lang='lat' dir='ltr'>ld.</span> <span class='ocrx_word' id='word_1_114' title='bbox 552 1936 1172 2021; x_wconf 58' lang='lat' dir='ltr'>§turnunprt[prpae]nuptaextaernn</span> <span class='ocrx_word' id='word_1_115' title='bbox 1195 1933 1401 2019; x_wconf 68' lang='lat' dir='ltr'>{altomonte}</span> 
     </span>
     <span class='ocr_line' id='line_1_17' title="bbox 155 2032 481 2113; baseline 0 -18"><span class='ocrx_word' id='word_1_116' title='bbox 155 2056 191 2113; x_wconf 89' lang='lat'>13</span> <span class='ocrx_word' id='word_1_117' title='bbox 310 2036 331 2095; x_wconf 94' lang='lat' dir='ltr'>b</span> <span class='ocrx_word' id='word_1_118' title='bbox 387 2032 418 2111; x_wconf 92' lang='lat' dir='ltr'>iij</span> <span class='ocrx_word' id='word_1_119' title='bbox 436 2036 481 2095; x_wconf 92' lang='lat' dir='ltr'>Id.</span> 
     </span>
     <span class='ocr_line' id='line_1_18' title="bbox 155 2126 928 2206; baseline -0.001 -17"><span class='ocrx_word' id='word_1_120' title='bbox 155 2150 192 2203; x_wconf 89' lang='lat'>14</span> <span class='ocrx_word' id='word_1_121' title='bbox 267 2148 331 2188; x_wconf 84' lang='lat' dir='ltr'>xc</span> <span class='ocrx_word' id='word_1_122' title='bbox 396 2126 417 2204; x_wconf 91' lang='lat' dir='ltr'>ij</span> <span class='ocrx_word' id='word_1_123' title='bbox 434 2127 479 2188; x_wconf 90' lang='lat' dir='ltr'>Id.</span> <span class='ocrx_word' id='word_1_124' title='bbox 557 2129 673 2189; x_wconf 88' lang='lat' dir='ltr'>Ultima</span> <span class='ocrx_word' id='word_1_125' title='bbox 693 2128 928 2206; x_wconf 85' lang='lat' dir='ltr'>quadragesime.</span> 
     </span>
     <span class='ocr_line' id='line_1_19' title="bbox 156 2220 512 2301; baseline -0.003 -19"><span class='ocrx_word' id='word_1_126' title='bbox 156 2240 192 2301; x_wconf 85' lang='lat'>15</span> <span class='ocrx_word' id='word_1_127' title='bbox 311 2220 332 2281; x_wconf 92' lang='lat' dir='ltr'>d</span> <span class='ocrx_word' id='word_1_128' title='bbox 409 2220 512 2281; x_wconf 86' lang='lat' dir='ltr'>¹Idus</span> 
     </span>
     <span class='ocr_line' id='line_1_20' title="bbox 156 2312 635 2393; baseline -0.004 -18"><span class='ocrx_word' id='word_1_129' title='bbox 156 2320 193 2375; x_wconf 87' lang='lat'>16</span> <span class='ocrx_word' id='word_1_130' title='bbox 217 2312 284 2391; x_wconf 85' lang='lat' dir='ltr'>xviij</span> <span class='ocrx_word' id='word_1_131' title='bbox 313 2333 331 2374; x_wconf 90' lang='lat' dir='ltr'>e</span> <span class='ocrx_word' id='word_1_132' title='bbox 356 2314 414 2389; x_wconf 88' lang='lat' dir='ltr'>xvij</span> <span class='ocrx_word' id='word_1_133' title='bbox 432 2314 500 2374; x_wconf 83' lang='lat' dir='ltr'>Kal.</span> <span class='ocrx_word' id='word_1_134' title='bbox 519 2312 635 2393; x_wconf 87' lang='lat' dir='ltr'>Aprilis.</span> 
     </span>
     <span class='ocr_line' id='line_1_21' title="bbox 158 2408 501 2485; baseline 0 -18"><span class='ocrx_word' id='word_1_135' title='bbox 158 2427 192 2485; x_wconf 85' lang='lat'>17</span> <span class='ocrx_word' id='word_1_136' title='bbox 244 2408 282 2484; x_wconf 87' lang='lat' dir='ltr'>vij</span> <span class='ocrx_word' id='word_1_137' title='bbox 317 2408 332 2465; x_wconf 82' lang='lat' dir='ltr'>t&#39;</span> <span class='ocrx_word' id='word_1_138' title='bbox 367 2408 415 2484; x_wconf 88' lang='lat' dir='ltr'>xvj</span> <span class='ocrx_word' id='word_1_139' title='bbox 433 2408 501 2467; x_wconf 84' lang='lat' dir='ltr'>Kal.</span> 
     </span>
     <span class='ocr_line' id='line_1_22' title="bbox 158 2497 1414 2579; baseline -0.005 -18"><span class='ocrx_word' id='word_1_140' title='bbox 158 2506 193 2561; x_wconf 78' lang='lat'>18</span> <span class='ocrx_word' id='word_1_141' title='bbox 312 2519 331 2577; x_wconf 81' lang='lat' dir='ltr'>g</span> <span class='ocrx_word' id='word_1_142' title='bbox 379 2520 417 2559; x_wconf 87' lang='lat' dir='ltr'>xv</span> <span class='ocrx_word' id='word_1_143' title='bbox 432 2501 500 2561; x_wconf 83' lang='lat' dir='ltr'><strong>Kal.</strong></span> <span class='ocrx_word' id='word_1_144' title='bbox 555 2500 655 2561; x_wconf 85' lang='lat' dir='ltr'>Sancti</span> <span class='ocrx_word' id='word_1_145' title='bbox 667 2502 806 2562; x_wconf 84' lang='lat' dir='ltr'>Edwardi</span> <span class='ocrx_word' id='word_1_146' title='bbox 820 2501 911 2579; x_wconf 88' lang='lat' dir='ltr'>Regis</span> <span class='ocrx_word' id='word_1_147' title='bbox 919 2514 949 2562; x_wconf 90' lang='lat' dir='ltr'>et</span> <span class='ocrx_word' id='word_1_148' title='bbox 959 2500 1091 2561; x_wconf 81' lang='lat' dir='ltr'>martiris.</span> <span class='ocrx_word' id='word_1_149' title='bbox 1116 2502 1171 2560; x_wconf 84' lang='lat' dir='ltr'>Sol</span> <span class='ocrx_word' id='word_1_150' title='bbox 1176 2501 1209 2559; x_wconf 83' lang='lat' dir='ltr'>in</span> <span class='ocrx_word' id='word_1_151' title='bbox 1218 2501 1314 2558; x_wconf 83' lang='lat' dir='ltr'>ariete.</span> <span class='ocrx_word' id='word_1_152' title='bbox 1339 2497 1368 2557; x_wconf 88' lang='lat' dir='ltr'>ix</span> <span class='ocrx_word' id='word_1_153' title='bbox 1380 2500 1414 2557; x_wconf 91' lang='lat' dir='ltr'>lc.</span> 
     </span>
     <span class='ocr_line' id='line_1_23' title="bbox 159 2590 504 2671; baseline 0 -20"><span class='ocrx_word' id='word_1_154' title='bbox 159 2615 194 2671; x_wconf 91' lang='lat'>19</span> <span class='ocrx_word' id='word_1_155' title='bbox 251 2613 286 2652; x_wconf 89' lang='lat' dir='ltr'>xv</span> <span class='ocrx_word' id='word_1_156' title='bbox 307 2594 334 2650; x_wconf 88' lang='lat' dir='ltr'>A</span> <span class='ocrx_word' id='word_1_157' title='bbox 359 2590 419 2669; x_wconf 84' lang='lat' dir='ltr'>xiiij</span> <span class='ocrx_word' id='word_1_158' title='bbox 436 2594 504 2652; x_wconf 85' lang='lat' dir='ltr'><strong>Kal.</strong></span> 
     </span>
     <span class='ocr_line' id='line_1_24' title="bbox 156 2682 1133 2765; baseline 0.002 -20"><span class='ocrx_word' id='word_1_159' title='bbox 156 2709 195 2745; x_wconf 86' lang='lat'>20</span> <span class='ocrx_word' id='word_1_160' title='bbox 246 2685 334 2763; x_wconf 71' lang='lat' dir='ltr'>iiin</span> <span class='ocrx_word' id='word_1_161' title='bbox 369 2682 419 2762; x_wconf 87' lang='lat' dir='ltr'>xiij</span> <span class='ocrx_word' id='word_1_162' title='bbox 437 2685 505 2745; x_wconf 88' lang='lat' dir='ltr'><strong>Kal.</strong></span> <span class='ocrx_word' id='word_1_163' title='bbox 560 2687 660 2746; x_wconf 86' lang='lat' dir='ltr'>Sancti</span> <span class='ocrx_word' id='word_1_164' title='bbox 682 2688 841 2747; x_wconf 84' lang='lat' dir='ltr'>Cuthberti</span> <span class='ocrx_word' id='word_1_165' title='bbox 862 2687 1005 2765; x_wconf 86' lang='lat' dir='ltr'>episcopi.</span> <span class='ocrx_word' id='word_1_166' title='bbox 1049 2687 1078 2747; x_wconf 86' lang='lat' dir='ltr'>ix</span> <span class='ocrx_word' id='word_1_167' title='bbox 1099 2690 1133 2747; x_wconf 87' lang='lat' dir='ltr'>ic</span> 
     </span>
     <span class='ocr_line' id='line_1_25' title="bbox 156 2777 1416 2859; baseline -0.003 -18"><span class='ocrx_word' id='word_1_168' title='bbox 156 2803 191 2841; x_wconf 84' lang='lat'>21</span> <span class='ocrx_word' id='word_1_169' title='bbox 315 2799 331 2838; x_wconf 96' lang='lat' dir='ltr'>c</span> <span class='ocrx_word' id='word_1_170' title='bbox 377 2777 416 2854; x_wconf 86' lang='lat' dir='ltr'>xij</span> <span class='ocrx_word' id='word_1_171' title='bbox 434 2780 501 2837; x_wconf 82' lang='lat' dir='ltr'>Kal.</span> <span class='ocrx_word' id='word_1_172' title='bbox 555 2780 655 2841; x_wconf 88' lang='lat' dir='ltr'>Sancti</span> <span class='ocrx_word' id='word_1_173' title='bbox 668 2781 824 2841; x_wconf 89' lang='lat' dir='ltr'>Benedicti</span> <span class='ocrx_word' id='word_1_174' title='bbox 833 2783 957 2843; x_wconf 87' lang='lat' dir='ltr'>abbatis.</span> <span class='ocrx_word' id='word_1_175' title='bbox 975 2783 1003 2841; x_wconf 81' lang='lat' dir='ltr'>ix</span> <span class='ocrx_word' id='word_1_176' title='bbox 1013 2784 1047 2843; x_wconf 91' lang='lat' dir='ltr'>lc.</span> <span class='ocrx_word' id='word_1_177' title='bbox 1071 2784 1278 2859; x_wconf 78' lang='lat' dir='ltr'>Equinoctium</span> <span class='ocrx_word' id='word_1_178' title='bbox 1293 2782 1416 2839; x_wconf 86' lang='lat' dir='ltr'>uernale.</span> 
     </span>
     <span class='ocr_line' id='line_1_26' title="bbox 157 2872 828 2952; baseline 0.003 -18"><span class='ocrx_word' id='word_1_179' title='bbox 157 2897 194 2934; x_wconf 87' lang='lat'>22</span> <span class='ocrx_word' id='word_1_180' title='bbox 246 2872 333 2950; x_wconf 87' lang='lat' dir='ltr'>xijd</span> <span class='ocrx_word' id='word_1_181' title='bbox 388 2874 416 2948; x_wconf 89' lang='lat' dir='ltr'>xj</span> <span class='ocrx_word' id='word_1_182' title='bbox 434 2874 501 2933; x_wconf 81' lang='lat' dir='ltr'>Kal.</span> <span class='ocrx_word' id='word_1_183' title='bbox 557 2873 687 2933; x_wconf 85' lang='lat' dir='ltr'>Primum</span> <span class='ocrx_word' id='word_1_184' title='bbox 710 2877 828 2952; x_wconf 84' lang='lat' dir='ltr'>pascha.</span> 
     </span>
     <span class='ocr_line' id='line_1_27' title="bbox 158 2966 503 3046; baseline -0.006 -17"><span class='ocrx_word' id='word_1_185' title='bbox 158 2990 195 3046; x_wconf 85' lang='lat'>23</span> <span class='ocrx_word' id='word_1_186' title='bbox 281 2966 336 3027; x_wconf 89' lang='lat' dir='ltr'>ie</span> <span class='ocrx_word' id='word_1_187' title='bbox 400 2986 420 3025; x_wconf 83' lang='lat' dir='ltr'>x</span> <span class='ocrx_word' id='word_1_188' title='bbox 435 2967 503 3027; x_wconf 88' lang='lat' dir='ltr'><strong>Kal.</strong></span> 
     </span>
     <span class='ocr_line' id='line_1_28' title="bbox 159 3057 503 3135; baseline -0.006 -14"><span class='ocrx_word' id='word_1_189' title='bbox 159 3082 197 3135; x_wconf 89' lang='lat'>²4</span> <span class='ocrx_word' id='word_1_190' title='bbox 324 3060 337 3117; x_wconf 85' lang='lat' dir='ltr'>i</span> <span class='ocrx_word' id='word_1_191' title='bbox 392 3057 421 3118; x_wconf 89' lang='lat' dir='ltr'>ix</span> <span class='ocrx_word' id='word_1_192' title='bbox 436 3061 503 3119; x_wconf 82' lang='lat' dir='ltr'>Kal.</span> 
     </span>
     <span class='ocr_line' id='line_1_29' title="bbox 158 3148 1287 3232; baseline 0.001 -19"><span class='ocrx_word' id='word_1_193' title='bbox 158 3172 195 3232; x_wconf 80' lang='lat'>25</span> <span class='ocrx_word' id='word_1_194' title='bbox 258 3150 334 3229; x_wconf 87' lang='lat' dir='ltr'>ixg</span> <span class='ocrx_word' id='word_1_195' title='bbox 368 3149 418 3226; x_wconf 86' lang='lat' dir='ltr'>viij</span> <span class='ocrx_word' id='word_1_196' title='bbox 435 3151 503 3210; x_wconf 83' lang='lat' dir='ltr'>Kal.</span> <span class='ocrx_word' id='word_1_197' title='bbox 556 3148 743 3214; x_wconf 52' lang='lat' dir='ltr'>Annunttrrio</span> <span class='ocrx_word' id='word_1_198' title='bbox 763 3151 906 3215; x_wconf 72' lang='lat' dir='ltr'>tunninio.</span> <span class='ocrx_word' id='word_1_199' title='bbox 950 3152 1103 3217; x_wconf 60' lang='lat' dir='ltr'>&amp;rorifluo</span> <span class='ocrx_word' id='word_1_200' title='bbox 1124 3152 1172 3215; x_wconf 78' lang='lat' dir='ltr'>ont</span> <span class='ocrx_word' id='word_1_201' title='bbox 1192 3151 1248 3214; x_wconf 53' lang='grc' dir='ltr'>ΙΙ.</span> <span class='ocrx_word' id='word_1_202' title='bbox 1264 3152 1287 3214; x_wconf 82' lang='lat' dir='ltr'>t.</span> 
     </span>
     <span class='ocr_line' id='line_1_30' title="bbox 159 3245 948 3324; baseline -0.001 -17"><span class='ocrx_word' id='word_1_203' title='bbox 159 3251 197 3307; x_wconf 87' lang='lat'>26</span> <span class='ocrx_word' id='word_1_204' title='bbox 305 3247 334 3304; x_wconf 92' lang='lat' dir='ltr'>A</span> <span class='ocrx_word' id='word_1_205' title='bbox 379 3245 417 3321; x_wconf 88' lang='lat' dir='ltr'>vij</span> <span class='ocrx_word' id='word_1_206' title='bbox 435 3246 503 3305; x_wconf 83' lang='lat' dir='ltr'>Kal.</span> <span class='ocrx_word' id='word_1_207' title='bbox 559 3245 709 3306; x_wconf 86' lang='lat' dir='ltr'><strong>Dominus</strong></span> <span class='ocrx_word' id='word_1_208' title='bbox 730 3246 761 3306; x_wconf 91' lang='lat' dir='ltr'>in</span> <span class='ocrx_word' id='word_1_209' title='bbox 782 3248 948 3324; x_wconf 85' lang='lat' dir='ltr'>sepulchro.</span> 
     </span>
     <span class='ocr_line' id='line_1_31' title="bbox 159 3335 893 3417; baseline -0.001 -17"><span class='ocrx_word' id='word_1_210' title='bbox 159 3359 196 3417; x_wconf 88' lang='lat'>27</span> <span class='ocrx_word' id='word_1_211' title='bbox 231 3338 336 3415; x_wconf 87' lang='lat' dir='ltr'>xvijb</span> <span class='ocrx_word' id='word_1_212' title='bbox 392 3337 505 3414; x_wconf 84' lang='lat' dir='ltr'>ijal.</span> <span class='ocrx_word' id='word_1_213' title='bbox 563 3335 709 3399; x_wconf 90' lang='lat' dir='ltr'>Dominus</span> <span class='ocrx_word' id='word_1_214' title='bbox 731 3341 893 3401; x_wconf 85' lang='lat' dir='ltr'>resurrexit.</span> 
     </span>
     <span class='ocr_line' id='line_1_32' title="bbox 160 3432 504 3508; baseline -0.009 -16"><span class='ocrx_word' id='word_1_215' title='bbox 160 3436 199 3492; x_wconf 82' lang='lat'>28</span> <span class='ocrx_word' id='word_1_216' title='bbox 260 3434 336 3508; x_wconf 78' lang='lat' dir='ltr'>vic</span> <span class='ocrx_word' id='word_1_217' title='bbox 400 3451 421 3490; x_wconf 86' lang='lat' dir='ltr'>v</span> <span class='ocrx_word' id='word_1_218' title='bbox 438 3432 504 3490; x_wconf 84' lang='lat' dir='ltr'>Kal.</span> 
     </span>
     <span class='ocr_line' id='line_1_33' title="bbox 161 3522 505 3604; baseline -0.006 -17"><span class='ocrx_word' id='word_1_219' title='bbox 161 3548 199 3604; x_wconf 85' lang='lat'>29</span> <span class='ocrx_word' id='word_1_220' title='bbox 314 3524 333 3585; x_wconf 94' lang='lat' dir='ltr'>d</span> <span class='ocrx_word' id='word_1_221' title='bbox 378 3522 419 3600; x_wconf 91' lang='lat' dir='ltr'>iiij</span> <span class='ocrx_word' id='word_1_222' title='bbox 437 3526 505 3585; x_wconf 84' lang='lat' dir='ltr'>Kal.</span> 
     </span>
     <span class='ocr_line' id='line_1_34' title="bbox 160 3616 506 3697; baseline -0.003 -19"><span class='ocrx_word' id='word_1_223' title='bbox 160 3640 199 3697; x_wconf 82' lang='lat'>30</span> <span class='ocrx_word' id='word_1_224' title='bbox 229 3618 290 3695; x_wconf 88' lang='lat' dir='ltr'>xiiij</span> <span class='ocrx_word' id='word_1_225' title='bbox 319 3637 336 3679; x_wconf 88' lang='lat' dir='ltr'>e</span> <span class='ocrx_word' id='word_1_226' title='bbox 392 3616 421 3694; x_wconf 82' lang='lat' dir='ltr'>iij</span> <span class='ocrx_word' id='word_1_227' title='bbox 438 3618 506 3677; x_wconf 83' lang='lat' dir='ltr'><strong>Kal.</strong></span> 
     </span>
     <span class='ocr_line' id='line_1_35' title="bbox 161 3710 503 3790; baseline -0.009 -18"><span class='ocrx_word' id='word_1_228' title='bbox 161 3734 196 3790; x_wconf 85' lang='lat'>3¹</span> <span class='ocrx_word' id='word_1_229' title='bbox 256 3711 336 3788; x_wconf 83' lang='lat' dir='ltr'>iiji</span> <span class='ocrx_word' id='word_1_230' title='bbox 397 3710 417 3788; x_wconf 88' lang='lat' dir='ltr'>ij</span> <span class='ocrx_word' id='word_1_231' title='bbox 435 3712 503 3771; x_wconf 82' lang='lat' dir='ltr'>Kal.</span> 
     </span>
    </p>

    <p class='ocr_par' dir='ltr' id='par_1_5' title="bbox 365 3828 1014 3909">
     <span class='ocr_line' id='line_1_36' title="bbox 365 3828 1014 3909; baseline 0.006 -22"><span class='ocrx_word' id='word_1_232' title='bbox 365 3828 500 3889; x_wconf 82' lang='lat' dir='ltr'>Marnirs</span> <span class='ocrx_word' id='word_1_233' title='bbox 520 3830 605 3890; x_wconf 72' lang='lat' dir='ltr'>habet</span> <span class='ocrx_word' id='word_1_234' title='bbox 622 3834 683 3893; x_wconf 82' lang='lat' dir='ltr'>dies</span> <span class='ocrx_word' id='word_1_235' title='bbox 702 3834 788 3909; x_wconf 79' lang='lat' dir='ltr'><strong><em>xxxj.</em></strong></span> <span class='ocrx_word' id='word_1_236' title='bbox 832 3835 921 3893; x_wconf 86' lang='lat' dir='ltr'>Luna</span> <span class='ocrx_word' id='word_1_237' title='bbox 941 3854 1014 3893; x_wconf 82' lang='lat' dir='ltr'><em>xxx.</em></span> 
     </span>
    </p>

    <p class='ocr_par' dir='ltr' id='par_1_6' title="bbox 364 3928 915 4010">
     <span class='ocr_line' id='line_1_37' title="bbox 364 3928 915 4010; baseline 0.009 -23"><span class='ocrx_word' id='word_1_238' title='bbox 364 3928 648 3990; x_wconf 66' lang='lat' dir='ltr'>iuxtaterram</span> <span class='ocrx_word' id='word_1_239' title='bbox 667 3933 723 4008; x_wconf 85' lang='lat' dir='ltr'>xij.</span> <span class='ocrx_word' id='word_1_240' title='bbox 767 3934 841 3992; x_wconf 81' lang='lat' dir='ltr'>Dies</span> <span class='ocrx_word' id='word_1_241' title='bbox 860 3934 915 4010; x_wconf 85' lang='lat' dir='ltr'>xij.</span> 
     </span>
    </p>
   </div>
   <div class='ocr_carea' id='block_1_4' title="bbox 161 4042 1424 4266">
    <p class='ocr_par' dir='ltr' id='par_1_7' title="bbox 161 4042 1424 4266">
     <span class='ocr_line' id='line_1_38' title="bbox 211 4042 1423 4115; baseline 0.008 -24"><span class='ocrx_word' id='word_1_242' title='bbox 211 4042 219 4074; x_wconf 91' lang='lat'>¹</span> <span class='ocrx_word' id='word_1_243' title='bbox 238 4044 268 4092; x_wconf 90' lang='lat' dir='ltr'>In</span> <span class='ocrx_word' id='word_1_244' title='bbox 284 4060 299 4092; x_wconf 83' lang='lat' dir='ltr'>n</span> <span class='ocrx_word' id='word_1_245' title='bbox 314 4042 381 4092; x_wconf 79' lang='lat' dir='ltr'>hand</span> <span class='ocrx_word' id='word_1_246' title='bbox 397 4042 426 4093; x_wconf 80' lang='lat' dir='ltr'>os</span> <span class='ocrx_word' id='word_1_247' title='bbox 438 4043 480 4093; x_wconf 86' lang='lat' dir='ltr'>the</span> <span class='ocrx_word' id='word_1_248' title='bbox 495 4046 552 4108; x_wconf 82' lang='lat' dir='ltr'>r5th</span> <span class='ocrx_word' id='word_1_249' title='bbox 567 4055 645 4097; x_wconf 74' lang='lat' dir='ltr'>cent:</span> <span class='ocrx_word' id='word_1_250' title='bbox 664 4048 741 4097; x_wconf 87' lang='lat' dir='ltr'>Anno</span> <span class='ocrx_word' id='word_1_251' title='bbox 753 4048 849 4098; x_wconf 86' lang='lat' dir='ltr'>domini</span> <span class='ocrx_word' id='word_1_252' title='bbox 868 4049 929 4111; x_wconf 82' lang='lat'>1468</span> <span class='ocrx_word' id='word_1_253' title='bbox 943 4048 1024 4113; x_wconf 86' lang='lat' dir='ltr'>pridie</span> <span class='ocrx_word' id='word_1_254' title='bbox 1041 4048 1098 4099; x_wconf 72' lang='lat' dir='ltr'>Kar</span> <span class='ocrx_word' id='word_1_255' title='bbox 1114 4049 1202 4115; x_wconf 84' lang='lat' dir='ltr'>Marcij</span> <span class='ocrx_word' id='word_1_256' title='bbox 1216 4051 1284 4100; x_wconf 83' lang='lat' dir='ltr'>venit</span> <span class='ocrx_word' id='word_1_257' title='bbox 1294 4050 1423 4115; x_wconf 79' lang='lat' dir='ltr'>Johannes</span> 
     </span>
     <span class='ocr_line' id='line_1_39' title="bbox 162 4119 1424 4191; baseline 0.006 -20"><span class='ocrx_word' id='word_1_258' title='bbox 162 4120 281 4171; x_wconf 83' lang='lat' dir='ltr'>Waddon</span> <span class='ocrx_word' id='word_1_259' title='bbox 294 4119 360 4184; x_wconf 89' lang='lat' dir='ltr'>prior</span> <span class='ocrx_word' id='word_1_260' title='bbox 371 4126 429 4184; x_wconf 86' lang='lat' dir='ltr'>post</span> <span class='ocrx_word' id='word_1_261' title='bbox 444 4122 604 4186; x_wconf 85' lang='lat' dir='ltr'>ca[pitulu]nr</span> <span class='ocrx_word' id='word_1_262' title='bbox 616 4125 793 4188; x_wconf 54' lang='lat' dir='ltr'>compresum]</span> <span class='ocrx_word' id='word_1_263' title='bbox 804 4133 829 4175; x_wconf 89' lang='lat' dir='ltr'>et</span> <span class='ocrx_word' id='word_1_264' title='bbox 841 4127 926 4191; x_wconf 87' lang='lat' dir='ltr'>posuit</span> <span class='ocrx_word' id='word_1_265' title='bbox 937 4126 1062 4175; x_wconf 81' lang='lat' dir='ltr'>racionem</span> <span class='ocrx_word' id='word_1_266' title='bbox 1073 4142 1130 4176; x_wconf 87' lang='lat' dir='ltr'>cunr</span> <span class='ocrx_word' id='word_1_267' title='bbox 1142 4126 1192 4176; x_wconf 84' lang='lat' dir='ltr'>suis</span> <span class='ocrx_word' id='word_1_268' title='bbox 1203 4144 1249 4191; x_wconf 89' lang='lat' dir='ltr'>pro</span> <span class='ocrx_word' id='word_1_269' title='bbox 1261 4128 1424 4179; x_wconf 79' lang='lat' dir='ltr'>veneracione</span> 
     </span>
     <span class='ocr_line' id='line_1_40' title="bbox 161 4198 1422 4266; baseline 0.004 -17"><span class='ocrx_word' id='word_1_270' title='bbox 161 4200 260 4249; x_wconf 85' lang='lat' dir='ltr'>dierum</span> <span class='ocrx_word' id='word_1_271' title='bbox 276 4205 417 4247; x_wconf 78' lang='lat' dir='ltr'>sanctorum</span> <span class='ocrx_word' id='word_1_272' title='bbox 432 4198 606 4264; x_wconf 86' lang='lat' dir='ltr'>episcoporum</span> <span class='ocrx_word' id='word_1_273' title='bbox 623 4200 707 4250; x_wconf 81' lang='lat' dir='ltr'>Dauid</span> <span class='ocrx_word' id='word_1_274' title='bbox 722 4207 747 4251; x_wconf 88' lang='lat' dir='ltr'>et</span> <span class='ocrx_word' id='word_1_275' title='bbox 763 4201 860 4259; x_wconf 79' lang='lat' dir='ltr'>Cedde,</span> <span class='ocrx_word' id='word_1_276' title='bbox 876 4210 899 4251; x_wconf 88' lang='lat' dir='ltr'>et</span> <span class='ocrx_word' id='word_1_277' title='bbox 919 4202 1018 4251; x_wconf 82' lang='lat' dir='ltr'>racione</span> <span class='ocrx_word' id='word_1_278' title='bbox 1035 4202 1117 4266; x_wconf 90' lang='lat' dir='ltr'>posita</span> <span class='ocrx_word' id='word_1_279' title='bbox 1134 4202 1208 4251; x_wconf 85' lang='lat' dir='ltr'>simul</span> <span class='ocrx_word' id='word_1_280' title='bbox 1226 4203 1251 4252; x_wconf 92' lang='lat' dir='ltr'>in</span> <span class='ocrx_word' id='word_1_281' title='bbox 1270 4219 1346 4253; x_wconf 84' lang='lat' dir='ltr'>vnum</span> <span class='ocrx_word' id='word_1_282' title='bbox 1364 4221 1422 4254; x_wconf 92' lang='lat' dir='ltr'>con·</span> 
     </span>
    </p>
   </div>
   <div class='ocr_carea' id='block_1_5' title="bbox 161 4275 1308 4405">
    <p class='ocr_par' dir='ltr' id='par_1_8' title="bbox 161 4275 1308 4405">
     <span class='ocr_line' id='line_1_41' title="bbox 161 4275 1308 4343; baseline 0.001 -16"><span class='ocrx_word' id='word_1_283' title='bbox 161 4277 257 4327; x_wconf 81' lang='lat' dir='ltr'>cordati</span> <span class='ocrx_word' id='word_1_284' title='bbox 269 4282 325 4325; x_wconf 89' lang='lat' dir='ltr'>sunt</span> <span class='ocrx_word' id='word_1_285' title='bbox 337 4281 364 4324; x_wconf 87' lang='lat' dir='ltr'>ut</span> <span class='ocrx_word' id='word_1_286' title='bbox 375 4275 430 4325; x_wconf 81' lang='lat' dir='ltr'>dies</span> <span class='ocrx_word' id='word_1_287' title='bbox 440 4284 582 4325; x_wconf 81' lang='lat' dir='ltr'>sanctorum</span> <span class='ocrx_word' id='word_1_288' title='bbox 594 4278 768 4343; x_wconf 88' lang='lat' dir='ltr'>episcoporum</span> <span class='ocrx_word' id='word_1_289' title='bbox 780 4279 938 4329; x_wconf 87' lang='lat' dir='ltr'>celebrentur</span> <span class='ocrx_word' id='word_1_290' title='bbox 949 4279 975 4326; x_wconf 87' lang='lat' dir='ltr'>in</span> <span class='ocrx_word' id='word_1_291' title='bbox 987 4279 1089 4328; x_wconf 86' lang='lat' dir='ltr'>modurn</span> <span class='ocrx_word' id='word_1_292' title='bbox 1101 4277 1219 4327; x_wconf 72' lang='lat' dir='ltr'>festorum</span> <span class='ocrx_word' id='word_1_293' title='bbox 1232 4279 1257 4327; x_wconf 82' lang='lat' dir='ltr'>ix</span> <span class='ocrx_word' id='word_1_294' title='bbox 1268 4280 1308 4330; x_wconf 83' lang='lat' dir='ltr'>l’c.</span> 
     </span>
     <span class='ocr_line' id='line_1_42' title="bbox 212 4351 561 4405; baseline 0.003 -2"><span class='ocrx_word' id='word_1_295' title='bbox 212 4354 222 4383; x_wconf 81' lang='lat'><strong>²</strong></span> <span class='ocrx_word' id='word_1_296' title='bbox 240 4352 333 4403; x_wconf 80' lang='lat' dir='ltr'>Added</span> <span class='ocrx_word' id='word_1_297' title='bbox 346 4351 372 4401; x_wconf 90' lang='lat' dir='ltr'>in</span> <span class='ocrx_word' id='word_1_298' title='bbox 383 4367 399 4399; x_wconf 87' lang='lat' dir='ltr'>a</span> <span class='ocrx_word' id='word_1_299' title='bbox 409 4351 473 4404; x_wconf 75' lang='lat' dir='ltr'>later</span> <span class='ocrx_word' id='word_1_300' title='bbox 483 4352 561 4405; x_wconf 82' lang='lat' dir='ltr'>hand.</span> 
     </span>
    </p>
   </div>
   <div class='ocr_carea' id='block_1_6' title="bbox 0 0 1632 5059">
    <p class='ocr_par' dir='ltr' id='par_1_9' title="bbox 0 0 1632 5059">
     <span class='ocr_line' id='line_1_43' title="bbox 0 0 1632 5059; baseline 0 0"><span class='ocrx_word' id='word_1_301' title='bbox 0 0 1632 5059; x_wconf 95' lang='lat' dir='ltr'> </span> 
     </span>
    </p>
   </div>
  </div>
 </body>
</html>
