3234 5059
350 350 396 439 58
432 308 439 320 ’
603 346 664 445 os
682 346 795 445 King
818 344 995 421 unsara
1015 344 1076 417 ne
1102 344 1211 417 First
1334 340 1454 443 [Boon

347 542 537 614 portantem
569 532 659 596 mille
689 541 722 597 et
752 532 954 617 quingentos
984 551 1135 615 paganos
1161 529 1344 608 bellicosos,
1369 549 1455 614 quos

349 635 529 701 Saladinus
556 658 631 701 cum
659 637 760 701 armis
786 648 821 703 et
847 636 1048 701 uictualibus
1075 638 1108 699 in
1138 635 1309 700 ciuitatem
1336 634 1453 699 Accon

349 741 481 805 mittere
504 740 722 825 disposuerat
778 742 890 826 Quam
918 741 1119 825 perforatam
1145 741 1258 804 rostris
1284 738 1453 823 galearum

348 865 481 909 suarum
505 845 692 921 submersit,
716 846 922 930 mortuisque
946 847 1095 930 paganis,
1118 846 1254 909 ueniens
1279 844 1312 907 in
1337 844 1454 908 Accon

349 949 529 1027 ciuitatem,
545 950 675 1014 reddita
697 959 749 1013 est
771 951 801 1014 ei
825 950 942 1015 ciuitas
965 959 999 1014 et
1023 948 1177 1032 Philippo
1201 948 1286 1031 Regi
1309 948 1456 1013 Francie.

351 1052 527 1118 Redeunte
550 1074 629 1118 uero
657 1052 813 1137 Philippo
841 1053 935 1136 Rege
963 1052 1102 1118 Francie
1129 1054 1162 1115 in
1190 1052 1331 1134 patriam
1360 1071 1454 1114 suam

350 1158 579 1240 ignominiose,
605 1157 682 1222 Rex
705 1157 869 1221 Ricardus
889 1178 965 1220 cum
987 1156 1055 1220 suis
1077 1157 1170 1220 uenit
1194 1154 1457 1231 lherosolimam,

349 1274 383 1328 ct
399 1262 541 1327 occurrit
562 1264 592 1327 ei
614 1262 801 1327 excercitus
824 1280 1030 1346 paganorum
1050 1261 1103 1325 .xi.
1127 1260 1263 1325 milium.
1324 1259 1455 1342 Quibus

349 1367 490 1432 deuictis
516 1377 551 1431 et
577 1366 765 1441 interfectis,
790 1367 898 1449 spolia
924 1385 1038 1430 eorum
1067 1366 1224 1448 possedit,
1249 1385 1325 1429 cum
1350 1366 1455 1428 tribus

352 1470 498 1535 millibus
518 1472 721 1535 camelorum
737 1481 771 1535 et
792 1471 857 1537 ,iiii
875 1470 1021 1534 millibus
1042 1491 1203 1554 equorum
1226 1480 1260 1534 et
1281 1470 1454 1533 mulorum.

352 1576 474 1659 Bisque
503 1550 634 1658 sugairit
663 1576 847 1639 exercitum
876 1574 1026 1641 Saladini
1052 1585 1088 1639 et
1113 1573 1283 1639 ciuitatem
1315 1560 1455 1657 loppem

352 1680 505 1744 liberauit
524 1690 558 1743 et
573 1680 639 1743 alia
655 1680 761 1743 multa
776 1679 914 1743 uiriliter
929 1678 1015 1744 fecit.
1063 1679 1200 1743 Auditis
1216 1688 1329 1744 autem
1346 1698 1455 1743 rumo-

352 1784 443 1848 ribus
467 1784 610 1847 sinistris
639 1804 660 1847 a
692 1783 842 1848 Iohanne
868 1783 968 1847 fratre
995 1803 1056 1846 suo
1082 1783 1138 1865 qui
1166 1802 1304 1866 regnum
1332 1780 1457 1864 Anglie

351 1908 515 1971 occupare
537 1888 729 1963 conabatur,
749 1887 781 1950 in
806 1905 946 1969 regnum
970 1905 1066 1949 suum
1090 1884 1216 1967 Anglie
1240 1885 1345 1949 redire
1367 1884 1457 1949 sesti·

190 2013 295 2056 uowne
352 1993 453 2057 nauit.
500 1992 710 2056 Redeuntem
730 2003 843 2055 autem
868 1990 960 2054 illum
984 1991 1066 2053 Dux
1088 1989 1224 2053 Austrie
1244 1989 1456 2072 Limpoldus¹

187 2063 324 2206 {siff
351 2098 441 2179 cepit
476 2096 703 2180 exinopinato,
734 2106 769 2160 et
806 2096 954 2160 Henrico
985 2096 1177 2179 imperatori
1208 2115 1269 2178 pro
1301 2115 1335 2158 .c.
1366 2092 1456 2157 mille

187 2175 316 2306 gignite.
352 2220 537 2265 marcarum
569 2200 662 2264 illum
694 2201 854 2277 uendidit,
881 2200 969 2263 vnde
995 2210 1134 2283 uterque
1160 2200 1291 2264 illorum
1318 2222 1339 2264 a
1368 2218 1458 2283 papa

188 2315 319 2407 pugg&
353 2304 522 2371 Celestino
545 2314 598 2369 est
623 2306 944 2370 excommunicatus.
991 2306 1199 2390 Redemptus
1226 2317 1277 2372 est
1301 2315 1457 2370 autema

190 2378 304 2467 biumb-
352 2409 440 2472 clero
455 2418 489 2473 et
505 2408 632 2491 populo
648 2408 774 2491 Anglie
795 2429 857 2491 pro
878 2419 1013 2474 centum
1034 2409 1124 2475 mille
1145 2409 1302 2473 librarum
1319 2410 1457 2493 argenti.

354 2512 530 2576 Liberatus
551 2511 594 2576 ad
614 2512 775 2595 Angliam
792 2514 885 2577 uenit
904 2534 980 2578 cum
1002 2514 1125 2597 gaudio
1145 2535 1276 2598 magno,
1292 2523 1325 2578 et
1341 2534 1457 2577 omnes

354 2617 620 2681 machinacioues
644 2616 806 2699 Johannis
832 2617 940 2682 fratris
967 2617 1017 2682 sui
1043 2619 1220 2702 aspirantis
1246 2619 1289 2683 ad
1318 2638 1456 2701 regnum

190 2721 296 2813 {lgm
353 2721 386 2783 in
409 2720 502 2785 breui
528 2719 762 2785 adnichelauit
809 2720 885 2785 Rex
912 2722 974 2785 iste
1000 2722 1172 2799 Ricardus,
1195 2724 1348 2805 princeps
1375 2721 1456 2785 nulli

188 2820 331 2921 ljgfflffiss
352 2826 526 2898 secundus,
556 2844 645 2887 anno
681 2825 772 2907 regni
803 2824 853 2887 sui
885 2832 939 2889 .x⁰.
971 2826 1037 2890 ictu
1068 2826 1190 2909 sagitte
1219 2846 1394 2909 percussus
1424 2826 1456 2888 in

188 2922 326 3023 ἔξω
354 2928 503 2992 musculo
518 2927 644 3009 brachij
660 2928 752 2992 obiit.
799 2928 893 2991 Prius
911 2938 1024 2994 tamen
1047 2931 1076 2993 ei
1092 2931 1148 3013 qui
1166 2930 1287 2994 uulnus
1302 2930 1458 2994 intulerat

188 3023 339 3122 ζζὲῗξξῶ,
353 3041 494 3097 mortem
512 3032 724 3097 condonauit.
763 3032 894 3115 Corpus
910 3043 1023 3097 autern
1041 3034 1135 3097 istius
1152 3032 1287 3097 Ricardi
1304 3033 1337 3096 in
1353 3033 1458 3098 tribus

188 3133 220 3163 ²¹¹
230 3134 319 3163 mw.
351 3136 432 3200 locis
448 3146 499 3201 est
513 3135 682 3219 sepultum
695 3156 703 3215 ;
725 3136 814 3200 vnde
831 3134 1033 3201 uersificator
1048 3137 1185 3220 quidam
1202 3139 1248 3201 sic
1263 3138 1329 3201 ait:

495 3295 614 3352 Uiscera
632 3294 823 3364 Carceolum²,
843 3312 945 3367 corpus
965 3298 1042 3352 Fons
1060 3308 1154 3353 seruat
1174 3296 1311 3367 Ebrandi‚

528 3384 567 3437 Et
585 3400 635 3437 cor
653 3384 852 3452 Rotomagum,
871 3400 973 3453 magne
992 3383 1121 3454 Ricarde‚
1140 3394 1227 3440 tuum.

495 3472 529 3525 In
548 3470 602 3525 tria
620 3470 762 3539 diuiditur,
781 3488 852 3525 vnus
871 3472 938 3543 quia
955 3472 1018 3543 plus
1037 3472 1088 3527 luit
1107 3490 1164 3528 uno
1174 3492 1182 3539 ;

530 3563 592 3615 Nec
610 3570 738 3631 superest
755 3559 803 3614 uni
823 3560 919 3629 gracia
937 3570 1017 3615 tanta
1035 3561 1103 3615 uiro.

353 3711 480 3775 Anima
496 3712 568 3773 eius
583 3710 769 3792 requiescat
784 3711 818 3773 in
835 3732 926 3793 pace.

402 3882 411 3913 ¹
430 3882 545 3947 Leopold
557 3882 599 3940 V.,
612 3881 688 3930 Dulce
700 3880 729 3931 ol
738 3881 849 3938 Austrie,
864 3894 1032 3949 1177-1194.

400 3964 412 3997 ²
427 3966 490 4015 This
500 3965 570 4014 word
585 3964 607 4013 is
621 3964 729 4029 perhaps
743 3964 863 4013 intended
879 3972 906 4013 to
922 3964 985 4013 refer
999 3972 1026 4012 to
1042 3964 1136 4014 Chelus
1147 3982 1176 4014 or
1192 3966 1314 4016 Charrou.
1350 3968 1458 4018 Richard

351 4065 403 4099 was
414 4048 493 4099 killed
503 4055 530 4097 at
546 4047 588 4097 the
599 4048 667 4111 siege
683 4046 712 4095 os
725 4047 829 4104 Chalus,
841 4046 891 4095 and
908 4047 949 4097 the
965 4046 1094 4111 following
1108 4056 1213 4097 account
1229 4048 1259 4097 ol
1272 4048 1311 4098 his
1322 4050 1408 4100 orders
1422 4052 1459 4100 lor

351 4132 394 4181 the
405 4131 516 4196 disposal
526 4131 556 4181 ol
568 4130 607 4180 his
619 4131 726 4179 remains
737 4130 759 4179 is
772 4130 847 4196 given
862 4131 895 4195 by
909 4130 993 4195 Roger
1005 4131 1038 4180 de
1055 4132 1179 4181 Hoveden
1197 4130 1255 4195 (Ed.
1269 4133 1371 4193 Stubbs,
1386 4134 1459 4183 Rolls

352 4215 418 4275 Ser.)
429 4214 463 4263 iv.
476 4217 515 4277 84.
554 4213 653 4263 Deinde
664 4213 784 4277 praecepit
795 4230 838 4263 rex
850 4222 876 4263 ut
891 4214 1020 4263 cerebrum
1037 4222 1061 4263 et
1076 4214 1177 4277 sanguis
1192 4214 1245 4264 eius
1260 4224 1284 4265 et
1302 4216 1396 4265 viscera
1412 4232 1457 4265 sua

350 4296 514 4360 sepelirentur
529 4296 597 4360 apud
614 4296 736 4346 Charrou.
752 4306 777 4345 et
793 4312 838 4347 cor
854 4312 926 4347 suum
942 4298 1010 4361 apud
1028 4298 1223 4361 Rothomagum
1236 4307 1261 4348 et
1278 4314 1368 4363 corpus
1384 4314 1456 4349 suum

349 4379 417 4445 apud
435 4379 554 4430 Frontem
572 4379 627 4443 (sic)
646 4378 767 4428 Ebrandi.
