3234 5059
144 372 215 473 vn]
491 376 528 449 T
522 385 653 450 enantr
679 376 719 450 in
747 376 911 450 Morden
1180 398 1246 467 291

208 559 378 626 Galsridus
393 562 530 627 domine
546 561 621 627 finis
633 572 726 628 tenet
737 582 838 627 vnarn
854 584 966 629 acram
982 573 1077 643 terre,
1092 572 1126 626 et
1141 562 1252 626 reddit

143 664 221 730 inde
235 687 296 749 per
310 687 435 731 annum
451 668 494 731 ad
511 668 597 733 duos
612 669 773 733 terminos
790 667 874 752 .iij.d.

919 755 1061 823 Summa
1077 778 1115 821 .v.
1131 753 1250 818 solidi¹.

211 949 256 1013 13.
305 933 364 997 lsti
385 944 463 999 sunt
486 934 768 1018 consuetudinarii
794 936 826 999 in
850 936 969 1000 eadem
991 933 1069 1000 villa
1087 934 1131 998 de
1152 934 1250 998 feodo
1268 976 1271 981 -

143 1052 268 1137 Pagani
286 1055 443 1119 Peuerel:

208 1190 372 1255 Ricardus
396 1191 504 1257 Crane
526 1200 620 1257 tenet
641 1193 757 1256 decem
782 1211 876 1256 acras
898 1200 985 1256 terre
1007 1203 1041 1257 et
1060 1192 1170 1255 reddit
1192 1214 1251 1274 per

142 1314 267 1358 annum
297 1297 445 1379 quinque
475 1295 609 1373 solidos,
636 1305 669 1359 et
699 1296 785 1360 duos
815 1318 961 1380 capones
987 1299 1031 1361 ad
1059 1296 1190 1370 Natale‚
1216 1294 1250 1360 et

142 1398 289 1463 inueniet
309 1420 369 1483 per
388 1420 490 1464 vnum
512 1401 602 1464 diem
620 1400 652 1463 in
670 1412 857 1485 autumpno
872 1421 973 1465 vnam
989 1411 1155 1467 carectam
1172 1420 1249 1463 cum

140 1522 227 1584 equo
249 1512 283 1567 et
306 1503 441 1567 homine
463 1524 524 1567 suo
546 1505 590 1569 ad
614 1506 724 1568 cibum
749 1506 887 1582 domini,
909 1505 961 1569 uei
985 1506 1122 1587 recipiet
1145 1503 1247 1567 unum

140 1608 323 1685 denarium,
346 1619 380 1672 et
402 1609 465 1673 hoc
489 1610 551 1673 erit
573 1610 606 1672 in
630 1610 804 1674 voluntate
827 1611 1001 1676 seruientis
1025 1608 1153 1674 Priona

206 1713 395 1778 Willelmus
411 1712 576 1779 Thebaud
600 1724 693 1779 tenet
708 1714 863 1779 undecim
878 1735 973 1779 acras
989 1723 1075 1779 terre
1089 1723 1125 1778 et
1140 1714 1249 1777 reddit

139 1838 199 1901 per
214 1838 339 1882 annum
357 1818 406 1901 .vj.
424 1819 548 1882 solidos
564 1827 599 1883 et
614 1818 684 1901 .j.d.,
696 1828 729 1883 et
745 1820 830 1883 duos
846 1839 992 1902 capones
1007 1817 1050 1883 ad
1069 1816 1199 1893 Natale,
1215 1828 1249 1881 et

139 1921 287 1985 inueniet
321 1942 421 1986 vnam
456 1930 621 1987 carectam
659 1924 691 1985 in
731 1932 927 2005 autumpno,
957 1923 1042 1986 sicut
1080 1920 1249 2005 predictus

141 2023 305 2089 Ricardus
329 2024 446 2090 Crane.

206 2126 372 2192 Robertus
396 2127 538 2213 Mayner
560 2138 653 2194 tenet
675 2129 825 2213 quinque
847 2148 941 2193 acras
963 2138 1059 2199 terre,
1082 2136 1117 2191 et
1140 2126 1248 2191 reddit

139 2252 198 2315 per
213 2252 338 2296 annum
354 2232 396 2316 .ij.
408 2233 534 2297 solidos
550 2244 584 2297 et
599 2233 693 2315 .vj.d.,
706 2242 740 2298 et
755 2253 859 2296 vnum
874 2253 1039 2315 caponem
1056 2234 1099 2296 ad
1116 2230 1247 2307 Natale‚

139 2345 172 2399 et
189 2337 337 2401 inueniet
351 2356 452 2401 vnam
464 2348 628 2401 carectam
642 2339 675 2401 in
692 2346 879 2419 autumpno
891 2356 952 2419 per
965 2336 1142 2400 dimidium
1158 2336 1248 2400 diem

139 2440 181 2504 ad
198 2442 308 2505 cibum
327 2440 456 2516 Prioris,
471 2444 557 2506 sicut
572 2452 606 2506 et
621 2442 687 2524 aiij,
703 2442 755 2506 vel
771 2441 909 2506 habebit
923 2460 1026 2505 vnum
1043 2440 1225 2504 denarium.

206 2545 358 2629 Rogerus
383 2545 567 2610 Folkeman
597 2556 690 2612 tenet
713 2546 889 2610 dimidiam
914 2547 1077 2627 virgatam
1102 2555 1189 2609 terre
1213 2551 1366 2616 ett164b

140 2647 249 2713 reddit
265 2670 325 2734 per
338 2670 465 2714 annum
482 2672 518 2714 .v.
538 2652 663 2716 solidos
683 2660 717 2715 et
739 2672 781 2715 .x.
803 2649 967 2723 denarios,
983 2658 1017 2711 et
1032 2647 1086 2730 iij.
1102 2668 1249 2731 capones

141 2756 183 2819 ad
203 2754 331 2832 Natale,
346 2764 380 2819 et
396 2776 496 2819 vnam
513 2766 678 2820 carectam
696 2756 728 2819 in
745 2765 933 2837 autumpno
948 2753 1034 2817 sicut
1049 2762 1083 2817 et
1099 2752 1164 2836 aiij.

207 2859 375 2941 Margeria
398 2880 484 2923 vxor
507 2858 665 2923 Willelmi
691 2858 877 2923 Folkeman
901 2867 994 2921 tenet
1016 2878 1118 2920 vnum
1141 2877 1249 2921 mesu·

140 2964 253 3046 agium
279 2984 355 3027 cum
379 2962 485 3029 crofta
513 2964 557 3028 ad
588 2965 795 3029 voluntatem
829 2962 959 3037 prioris,
989 2972 1024 3025 et
1055 2960 1165 3025 reddit
1193 2979 1251 3043 per

140 3088 265 3132 annum
289 3069 329 3152 .ij.
353 3068 487 3145 solidos,
510 3078 544 3133 et
568 3089 670 3133 vnum
693 3087 857 3151 caponem
882 3067 924 3130 ad
950 3066 1081 3130 Natale.

208 3173 311 3256 Hugo
334 3172 458 3236 Torold
481 3183 573 3236 tenet
596 3174 744 3256 quinque
767 3192 861 3235 acras
884 3181 979 3247 terre,
1001 3179 1035 3233 et
1057 3169 1167 3234 reddit
1192 3189 1251 3252 per

139 3296 266 3340 annum
282 3277 323 3361 ‚ij.
339 3278 464 3341 solidos
485 3290 518 3341 et
540 3277 632 3360 .vj.d.,
648 3288 682 3343 et
703 3298 805 3343 vnum
828 3296 991 3360 caponem
1008 3277 1049 3339 ad
1069 3274 1199 3352 Natale,
1215 3285 1249 3340 et

139 3382 287 3446 inueniet
308 3403 408 3446 vnam
430 3393 595 3447 carectam
617 3403 677 3466 per
696 3381 875 3446 dimidium
896 3380 986 3444 diem
1003 3381 1036 3443 in
1052 3389 1247 3464 autumpno,

139 3494 174 3549 et
189 3485 350 3569 percipiet
365 3488 451 3551 sicut
466 3498 500 3551 et
516 3487 582 3571 aiij.

206 3589 319 3655 Adam
333 3591 425 3655 saber
437 3600 529 3657 tenet
544 3592 692 3675 quinque
708 3612 800 3655 acras
816 3601 912 3666 terre,
924 3599 957 3654 et
975 3589 1084 3654 reddit
1099 3588 1178 3655 inde
1190 3610 1250 3673 per

139 3714 264 3759 annum
289 3695 329 3778 .ij.
353 3696 477 3761 solidos
500 3706 534 3760 et
560 3698 614 3761 ix.
638 3695 801 3773 denarios,
825 3705 859 3759 et
885 3714 988 3759 vnum
1015 3714 1179 3777 caponem
1204 3694 1247 3758 ad

142 3798 273 3876 Natale‚
289 3809 322 3863 et
339 3800 487 3866 inueniet
506 3820 608 3865 vnam
628 3810 796 3865 carectam
819 3800 851 3862 in
873 3809 1061 3882 autumpno
1077 3818 1137 3881 per
1151 3797 1248 3862 dimi-

140 3904 233 3967 dium
250 3904 339 3967 diem
356 3904 441 3968 sicut
456 3915 490 3968 et
506 3903 571 3986 aiij.

207 4007 375 4071 Robertus
398 4007 523 4072 Torold
547 4018 581 4073 et
605 4008 771 4073 Ricardus
800 4006 923 4070 Mariot
954 4014 1071 4070 tenent
1101 4005 1249 4089 quinque

139 4131 233 4176 acras
259 4122 354 4188 terre,
377 4122 410 4177 et
442 4113 585 4177 reddunt
616 4104 693 4177 inde
723 4132 782 4197 per
817 4130 943 4175 annum
974 4109 1028 4192 .iij.
1059 4108 1184 4174 solidos
1214 4120 1249 4173 et

138 4215 190 4299 .vj.
207 4216 372 4292 denarios,
386 4225 420 4281 et
435 4218 520 4281 duos
540 4237 685 4300 capones
701 4217 743 4280 ad
762 4216 894 4293 Natale,
910 4223 944 4279 et
960 4214 1132 4278 inuenient
1147 4232 1248 4277 vnam

139 4332 304 4385 carectam
321 4321 354 4384 in
370 4332 558 4405 autumpno
573 4342 632 4405 per
647 4320 824 4386 dimidium
839 4321 929 4384 diem
945 4319 1032 4382 sicut
1046 4327 1081 4383 et
1096 4318 1162 4401 aiij.

222 4439 231 4471 ²
249 4440 311 4491 This
322 4441 373 4491 and
384 4441 419 4491 all
430 4442 580 4507 subsequent
594 4441 668 4491 totuis
680 4458 722 4491 are
733 4442 758 4490 in
771 4440 815 4490 the
826 4439 931 4505 original
942 4438 1010 4489 hand
1021 4438 1101 4487 nithe
1114 4438 1170 4488 MS.

1071 4566 1166 4624 19—2
