3234 5059
165 351 228 452 111]
405 356 587 456 Vicarage
609 359 657 455 of
677 358 841 433 Guz'lden
865 361 1029 435 Morden
1205 382 1273 456 173

472 582 539 642 106.
586 577 716 642 Littera
739 579 969 644 institucionis.

220 728 370 784 Uniuersis
388 741 534 799 presentes
553 731 659 786 litteras
678 731 847 803 inspecturis
862 733 991 787 officialis
1003 733 1173 789 venerabilis
1186 735 1273 804 patris
1288 743 1363 804 eorm
1373 740 1401 782 ot

168 814 323 887 H[ugonis]
338 817 392 871 Dei
405 819 501 886 gracia
515 819 650 888 Episcopi
665 820 797 888 Elyensis
811 820 931 874 salutem
945 821 972 873 in
987 831 1101 876 auctore
1114 821 1219 876 salutis.
1287 797 1428 883 {imme

219 904 407 961 Uniuersitati
423 918 516 961 uestre
534 917 630 961 tenore
648 908 825 976 presencium
838 920 937 963 notum
950 909 998 964 liat
1011 909 1088 978 quod
1101 926 1153 963 nos
1167 911 1273 963 Lucam
1287 892 1401 984 ffiffl‘
1415 891 1442 934 ⁰¹

165 993 201 1047 de
219 993 399 1062 Abingetone
417 994 603 1064 presbiterum
623 1013 640 1049 a
660 996 811 1062 Religiosis
829 997 897 1050 uiris
917 997 1013 1052 Priore
1031 1007 1059 1052 et
1077 1007 1219 1052 conuentu
1238 996 1274 1050 de
1288 993 1439 1094 Jggfflh

168 1081 338 1135 Bernewelle
351 1081 387 1135 ad
401 1081 536 1136 vicariam
548 1082 667 1138 ecclesie
677 1083 713 1137 de
724 1084 983 1138 Gildenemordone
993 1083 1274 1155 perresignacionem
1372 1072 1378 1084 ’

165 1167 305 1236 Johannis
330 1168 366 1222 de
390 1169 448 1222 alta
474 1171 576 1224 Estera
599 1183 758 1237 necantem,
784 1181 812 1225 et
837 1173 874 1226 ad
898 1172 1024 1243 ipsorum
1052 1173 1275 1228 aduocacionem

167 1264 342 1324 spectantem
367 1255 450 1310 nobis
475 1256 612 1312 canonice
636 1257 852 1326 presentatuml,
877 1257 1012 1312 vicarium
1043 1258 1215 1314 instituimus
1246 1259 1275 1312 in

167 1342 276 1408 eadem,
290 1343 370 1396 salua
389 1342 472 1398 dictis
494 1343 581 1398 Priori
600 1354 628 1399 et
648 1344 807 1401 Conuentui
822 1363 918 1400 annua
930 1345 1067 1416 pensione
1079 1345 1161 1400 vuius
1181 1363 1276 1400 marce

167 1429 236 1498 ipsis
259 1447 278 1484 a
299 1429 375 1484 dicto
401 1430 507 1486 vicario
531 1441 560 1487 et
585 1432 643 1486 suis
668 1433 878 1488 successoribus
903 1434 940 1487 ad
959 1433 1031 1487 duos
1053 1433 1119 1486 anni
1141 1434 1276 1488 terminos

167 1517 364 1587 persoluenda,
388 1528 416 1572 et
441 1527 558 1588 excepta
582 1520 694 1574 decima
719 1519 775 1576 leni
800 1531 829 1575 et
854 1521 1090 1587 molendinorum,
1110 1531 1138 1575 et
1157 1531 1275 1591 excepto

166 1604 258 1672 primo
276 1603 379 1672 legato,
392 1614 420 1659 et
438 1615 555 1675 excepta
572 1606 684 1661 decima
700 1607 883 1677 proueniente
899 1607 936 1661 de
952 1606 1030 1661 curia
1045 1608 1153 1661 domini
1173 1607 1277 1662 Prioris

167 1690 195 1744 in
214 1691 316 1746 eadem
334 1691 409 1762 villa,
423 1701 451 1746 et
470 1702 587 1763 excepta
604 1703 678 1748 terra
696 1695 790 1764 legata
808 1695 833 1748 si
845 1711 903 1766 qua
921 1694 1011 1750 luerit.
1049 1697 1087 1750 Et
1105 1696 1182 1766 quod
1200 1697 1277 1750 idem

166 1779 288 1834 vicarius
300 1780 395 1835 locare
407 1781 510 1836 debeat
522 1799 609 1836 vnum
622 1797 755 1836 mansum
768 1799 786 1836 a
798 1782 882 1836 dictis
897 1782 994 1837 Priore
1006 1792 1034 1836 et
1053 1783 1204 1837 conuentu
1224 1799 1276 1852 pro

166 1877 288 1939 quatuor
299 1867 398 1923 solidis
411 1869 566 1936 annuatim,
580 1879 608 1924 et
620 1870 697 1939 quod
710 1871 806 1925 omnia
819 1887 906 1925 onera
919 1871 1071 1937 ordinaria,
1080 1880 1108 1926 et
1118 1871 1276 1927 cantariam

168 1957 283 2026 Capelle
295 1957 332 2012 de
346 1958 456 2012 Redree
468 1968 511 2012 ter
524 1958 552 2011 in
565 1959 726 2013 ebdomada
739 1959 842 2013 debeat
855 1959 1002 2024 sustinere,
1016 1969 1097 2029 prout
1114 1959 1142 2012 in
1160 1959 1276 2030 inquisi-

167 2045 247 2100 cione
261 2061 346 2115 super
357 2045 412 2099 hoc
424 2044 499 2099 lacta
511 2046 679 2101 continetur.

221 2132 328 2186 Datum
350 2131 530 2201 Cantebrigie
549 2132 595 2186 die
613 2133 679 2186 lune
698 2131 826 2202 proxima
850 2143 914 2201 post
938 2132 1042 2187 festum
1067 2142 1165 2186 sancte
1191 2133 1277 2187 Lucie

167 2217 284 2288 uirginis
308 2235 386 2273 anno
410 2218 517 2273 domini
542 2221 811 2274 m⁰.cc⁰.lx.nono.
850 2220 884 2273 ln
908 2218 988 2276 cuius
1012 2219 1052 2274 rei
1080 2219 1276 2274 testimonium

167 2305 258 2359 dictus
280 2305 408 2360 officialis
431 2306 561 2375 Elyensis
581 2306 619 2360 ad
640 2317 806 2376 perpetuam
828 2307 868 2360 rei
892 2306 1060 2360 memoriam
1081 2306 1147 2362 huic
1169 2307 1275 2376 scripto

167 2391 290 2460 sigillum
303 2409 385 2448 suum
397 2393 537 2464 apposuit.

262 2584 329 2650 107.
376 2569 427 2632 De
450 2569 687 2652 ingratitudine
707 2570 793 2634 Luce
815 2571 936 2653 vicarij
954 2571 993 2634 da
1014 2571 1179 2635 Marcione.

236 2721 303 2786 Iste
332 2723 441 2787 Lucas
468 2723 608 2787 vicarius
640 2724 746 2787 multa
775 2725 972 2806 grauamina
1002 2724 1081 2789 fecit
1112 2725 1215 2789 Priori
1241 2735 1276 2790 et
1291 2734 1417 2826 gggffi

169 2825 346 2891 Canonieis
376 2827 419 2892 de
450 2827 652 2892 Bemewelle
678 2827 824 2892 dominis
848 2829 924 2891 suis.
971 2829 1082 2892 Primo
1108 2829 1277 2892 subtraxit
1290 2835 1402 2927 §3333

168 2951 315 2996 annuam
346 2933 557 3015 pensionem.
569 2932 721 3013 j.marce
751 2942 784 2996 et
813 2943 958 3016 quatuor
983 2933 1166 2998 solidorum
1192 2953 1277 3016 quos
1290 2936 1420 3028 mg

167 3035 296 3101 soluere
311 3036 427 3100 debuit
442 3058 503 3120 pro
518 3036 676 3119 hospicio.
737 3037 952 3120 Quapropter
973 3037 1065 3101 Prior
1085 3037 1276 3120 impetrauit
1289 3034 1435 3128 222⁰&ss

168 3141 295 3205 litteras
316 3142 453 3226 papales
474 3143 507 3205 in
529 3141 636 3206 forma
656 3144 827 3207 communi
847 3150 964 3206 eontra
985 3162 1063 3207 eum
1081 3144 1125 3206 de
1140 3141 1275 3205 redditi·
1288 3115 1440 3239 {gh-„3

168 3245 230 3310 bus
267 3245 397 3324 debitis,
429 3247 702 3330 possessionibus,
736 3248 951 3330 pensionibus
988 3257 1058 3326 etc,
1087 3256 1123 3312 et
1159 3245 1275 3310 habuit
1288 3237 1415 3338 ssffi{„''

166 3349 312 3431 judicem
324 3349 469 3414 Priorem
484 3351 598 3416 Sancti
611 3351 699 3415 Petri
710 3351 752 3415 de
764 3350 961 3434 Gypwyco².
995 3351 1072 3414 Non
1083 3350 1190 3415 multo
1200 3359 1276 3433 post
1289 3338 1439 3440 &23:2⁴¹

168 3454 268 3520 frater
284 3455 451 3519 Robertus
472 3454 514 3519 de
534 3455 752 3538 Kilwardeby
771 3456 1038 3540 archiepiscopus
1058 3456 1275 3521 Cantuarien·
1289 3438 1439 3541 ffififfffflh„

167 3560 212 3622 sis
235 3559 277 3622 de
299 3558 415 3623 ordine
437 3559 685 3642 predicatorum
709 3561 860 3623 uisitauit
882 3560 1053 3642 dyocesim
1086 3560 1275 3642 Elyensem.
1289 3539 1396 3632 ’.ῗέὼῆ

168 3663 263 3727 Tune
287 3662 375 3728 idem
401 3665 509 3728 Lucas
533 3685 644 3728 coram
667 3663 787 3728 eodem
810 3663 1060 3746 archiepiscopo
1086 3661 1170 3727 falso
1199 3683 1276 3746 sug·
1289 3643 1306 3692 f'
1319 3643 1374 3702 ⁶⁴¹³

167 3785 286 3848 gerens
306 3765 396 3849 quod
418 3765 540 3830 vicaria
559 3787 620 3829 sua
641 3766 688 3830 ita
708 3776 779 3830 erat
795 3766 903 3830 tenuis
918 3776 954 3829 et
968 3765 1076 3842 exilis,
1092 3765 1182 3848 quod
1199 3765 1277 3830 inde

167 3869 345 3934 sustentari
364 3888 431 3932 non
448 3869 567 3952 potuit,
582 3869 684 3952 pecijt
700 3869 890 3952 porcionem
908 3869 1029 3933 vicarie
1043 3889 1102 3934 sue
1116 3889 1275 3952 augmen-

167 3972 238 4035 tari.
285 3971 455 4035 Predictus
476 3992 557 4035 uero
576 3972 844 4054 archiepiscopus
859 3993 918 4054 per
939 3972 1065 4036 litteras
1084 3993 1162 4037 suas
1182 3972 1276 4037 dedit

167 4076 201 4139 in
218 4076 413 4140 mandatum
431 4076 592 4158 magistro
604 4075 745 4158 Symoni
761 4075 804 4141 de
822 4076 1052 4141 Huntendone
1065 4086 1100 4141 et
1116 4077 1276 4159 magistro

170 4179 358 4263 Reginaldo
367 4179 411 4244 de
421 4179 593 4246 Stamsord
603 4179 700 4244 huius
712 4181 999 4262 augmentacionis
1011 4182 1275 4258 exsecucionem‚

313 4305 323 4339 ¹
341 4317 492 4373 presentum‚
513 4309 570 4358 MS.

314 4388 325 4421 ²
341 4390 396 4440 The
407 4391 578 4455 Augustinian
591 4390 678 4454 Priory
688 4390 718 4440 ol
727 4391 756 4442 St
769 4391 841 4442 Peter
851 4391 903 4441 and
915 4391 945 4442 St
956 4391 1019 4442 Paul
1030 4400 1056 4442 at
1068 4391 1187 4457 Ipswich.
