3234 5059
164 351 226 452 111]
403 353 583 452 Vicarage
606 354 655 450 of
674 353 836 428 Guilden
862 354 1023 428 Mordeat
1198 372 1266 447 175

161 538 287 602 curiam
313 538 416 620 Regis
443 559 503 621 pro
530 537 741 620 impetranda
768 538 975 621 protectione
1001 537 1129 602 domini
1157 537 1268 620 Regis.

163 644 284 707 Postea
304 644 471 707 commisit
492 642 760 726 archiepiscopus
781 663 917 708 causam
932 643 1167 707 archidiacono
1183 643 1265 707 Nor·
1281 650 1298 702 t.
1313 651 1345 714 65

162 749 316 829 wycensi,
330 748 454 812 scilicet
474 749 635 831 magistro
656 748 787 812 Thome
807 748 851 812 de
872 748 1087 830 Scerningge,
1102 749 1161 812 sed
1179 749 1270 812 Prior

161 852 204 917 de
235 853 405 935 Gipwyco,
436 855 539 918 iudex
569 854 752 936 delegatus,
779 854 922 918 inhibuit
951 855 982 918 ei
1008 854 1071 918 sub
1098 874 1185 937 pena
1211 874 1271 916 ex·

161 956 472 1021 communicationis
502 978 545 1022 ne
568 959 768 1041 procederet.
816 957 893 1041 lpse
915 957 1166 1022 archidiaconus
1192 966 1272 1021 tunc

163 1059 289 1123 remisit
318 1080 454 1123 causam
485 1059 745 1144 archiepiscopo,
775 1071 809 1124 et
847 1060 1114 1142 archiepiscopus
1151 1060 1271 1124 iterum

163 1163 240 1228 iecit
266 1163 369 1229 citare
397 1165 542 1230 Priorem
571 1175 607 1229 ut
634 1173 842 1247 compareret
868 1185 981 1228 coram
1011 1185 1052 1227 eo
1082 1164 1272 1247 ubicunque

164 1278 252 1333 esset
273 1268 306 1332 in
328 1269 507 1352 prouincia.
553 1270 621 1336 Sed
645 1269 738 1333 Prior
758 1269 801 1334 de
818 1269 980 1353 Gipwyco
1003 1267 1145 1332 inhibuit
1167 1268 1271 1332 archi-

162 1373 321 1455 episcopo
361 1393 403 1437 ne
444 1373 645 1456 procederet
702 1373 769 1439 Sed
807 1373 1075 1455 archiepiscopus
1116 1371 1159 1435 de
1201 1371 1272 1435 eius

165 1475 365 1540 inhibicione
381 1497 448 1541 non
464 1478 601 1554 curauit,
617 1477 676 1542 sed
695 1477 840 1541 Priorem
857 1477 900 1541 de
916 1476 1117 1541 Bemewelle
1135 1497 1271 1540 excom·

165 1578 355 1644 municauit
402 1579 493 1644 Prior
518 1580 561 1645 de
589 1578 791 1645 Bemewelle
818 1578 1002 1662 appellauit
1027 1579 1071 1643 ad
1097 1580 1270 1643 dominum

164 1703 289 1766 papam
313 1692 347 1748 et
370 1685 414 1747 ad
436 1685 615 1750 tuicionem
635 1685 724 1748 sedis
746 1683 1005 1760 Cantuariensis‚
1025 1693 1059 1747 et
1080 1684 1271 1767 impetrauit

164 1809 185 1851 a
206 1787 334 1852 decano
354 1788 397 1852 de
412 1787 553 1852 arcubus
570 1786 805 1852 inhibicionem
828 1787 954 1851 clericis
975 1787 1213 1870 archiepiscopi
1229 1809 1271 1852 ne

165 1892 390 1975 procederent.
428 1891 525 1955 Tunc
536 1891 638 1955 iratus
647 1891 916 1975 archiepiscopus
929 1891 1007 1957 fecit
1017 1892 1111 1956 citari
1125 1891 1270 1957 Priorem

164 1996 207 2060 de
238 1997 408 2080 Gipwyco,
438 1995 497 2060 sed
530 1994 621 2059 Prior
649 1995 693 2060 de
724 1996 926 2060 Bemewelle
954 1998 1165 2062 conseruauit
1194 2017 1270 2061 eum

165 2101 389 2185 indempnem.
435 2101 530 2165 Tunc
549 2101 657 2164 Lucas
673 2101 814 2165 vicarius
829 2102 994 2165 conduxit
1009 2102 1119 2184 plures
1131 2101 1272 2184 juuenes

166 2216 202 2269 ut
226 2206 258 2269 ui
282 2215 490 2289 asportarent
513 2205 659 2268 decimas
681 2227 765 2288 quas
791 2206 1060 2290 archiepiscopus
1085 2209 1115 2271 ei
1143 2209 1298 2272 adluat-1

165 2311 263 2386 cauit,
292 2321 326 2376 et
356 2331 415 2394 per
444 2309 609 2374 decanum
640 2309 683 2375 de
714 2311 913 2393 Papworthe
941 2311 1086 2376 eundem
1116 2313 1207 2375 misit
1237 2313 1271 2375 in

164 2415 407 2498 possessionem
424 2435 483 2497 per
499 2435 599 2478 unam
612 2415 750 2497 garbam
763 2435 865 2498 quam
878 2415 990 2498 posuit
1001 2437 1100 2498 super
1111 2436 1271 2498 magnum

165 2521 269 2585 altare
297 2519 341 2584 de
372 2519 545 2584 Mordone.
592 2519 659 2585 Sed
691 2520 842 2583 canonici
875 2520 918 2584 de
957 2521 1158 2586 Bemewelle
1195 2541 1271 2585 cum

165 2644 266 2688 manu
282 2623 359 2687 lorti
375 2623 419 2687 ibi
436 2621 632 2687 accedentes
648 2643 765 2686 omnes
781 2622 885 2704 ipsius
902 2623 993 2688 Luce
1005 2624 1272 2689 machinaciones

165 2726 419 2812 impediuerunt.
465 2726 533 2791 Sed
554 2737 588 2791 et
609 2727 794 2790 vicecomes
811 2726 1026 2810 Cantebrigie
1047 2749 1106 2810 per
1126 2727 1271 2792 litteram

165 2831 385 2914 proteccionis
400 2852 502 2914 quam
519 2840 687 2914 receperat
703 2853 723 2894 a
738 2831 876 2896 domino
894 2833 987 2915 Rege
1003 2853 1120 2896 omnes
1136 2833 1272 2897 iuuenes

165 2957 248 3020 quos
272 2937 413 3000 vicarius
436 2936 645 3001 conduxerat
668 2936 735 3000 cito
758 2935 894 3019 fugauit.
952 2935 1052 3019 Quod
1077 2937 1194 3000 uidens
1216 2937 1272 3001 ille

165 3042 274 3107 Lucas
297 3041 437 3107 vicarius
460 3063 519 3125 per
540 3043 666 3106 amicos
688 3062 765 3105 suos
789 3041 981 3124 impetrauit
1004 3041 1149 3105 incuria
1169 3043 1273 3124 Regis

164 3145 254 3210 aliud
277 3147 378 3211 breue
398 3147 441 3210 de
462 3146 676 3229 protectione,
692 3156 725 3210 et
741 3165 800 3229 per
815 3145 896 3209 illud
912 3145 1100 3209 exinaniuit
1116 3146 1271 3228 protecti-

164 3271 263 3315 onem
281 3250 408 3314 Prioris.
455 3248 668 3332 Quapropter
683 3250 868 3314 vicecomes
889 3250 1103 3332 Cantebrigie
1123 3249 1271 3314 decimas

165 3357 254 3438 ipsas
280 3355 423 3438 collegit,
445 3364 480 3418 et
503 3354 618 3438 reponi
641 3353 719 3417 iecit
746 3356 840 3436 quasi
872 3354 905 3418 in
935 3354 1045 3437 equali
1078 3374 1178 3419 manu
1208 3366 1270 3420 etc

166 3461 233 3528 Sed
266 3460 358 3524 Prior
387 3459 505 3523 dolens
534 3457 625 3542 quod
657 3459 723 3523 iarn
759 3458 892 3522 sublata
929 3470 1001 3523 erat
1037 3459 1067 3523 ei
1105 3460 1271 3542 possessio

164 3565 379 3639 decimarum,
402 3563 493 3626 misit
515 3562 711 3626 canonicum
735 3582 833 3625 suum
856 3561 900 3624 ad
927 3561 1050 3625 curiam
1080 3561 1191 3644 Regis,
1213 3563 1270 3645 qui

165 3675 357 3759 impetrauit
386 3684 504 3738 contra
534 3674 643 3755 ipsum
678 3672 805 3736 Lucam
833 3674 934 3737 breue
960 3673 1063 3756 Regis
1086 3683 1120 3738 et
1145 3673 1271 3737 litteras

166 3781 304 3863 Regine,
326 3787 361 3842 et
383 3779 482 3842 datus
504 3787 557 3841 est
578 3777 649 3840 dies
671 3797 783 3840 coram
809 3777 995 3841 Baronibus
1018 3777 1061 3841 de
1087 3777 1270 3842 Scaccario.

166 3883 256 3966 Quid
284 3883 404 3966 plura?
445 3881 569 3946 Coram
600 3882 711 3946 Priore
735 3880 778 3946 de
804 3882 966 3964 Gipwyco
990 3883 1109 3946 iterum
1132 3893 1271 3946 uocatus

167 3989 275 4052 Lucas
291 3996 325 4052 et
340 3987 384 4050 ab
399 4007 440 4050 eo
455 3986 775 4050 excommunicatus.
823 3987 885 4050 Per
897 3987 1021 4050 multos
1032 3986 1104 4050 dies
1119 4007 1271 4069 compar·

165 4101 284 4156 uerunt
308 4101 418 4174 partes
440 4111 552 4154 coram
578 4090 689 4155 Priore
710 4090 752 4154 de
775 4099 892 4154 sancto
916 4089 1052 4153 Albano
1074 4091 1271 4155 auctoritate

164 4194 358 4279 apostolica,
372 4204 406 4259 et
428 4203 504 4278 post
526 4193 648 4258 multas
670 4193 919 4276 disputaciones
939 4193 1144 4277 appellatum
1160 4204 1212 4258 est
1226 4194 1269 4259 ad

164 4299 300 4365 Curiam
319 4299 519 4374 Romanam,
534 4308 568 4362 et
589 4297 661 4362 dies
683 4299 834 4381 partibus
854 4297 1012 4382 prefixus
1058 4298 1151 4362 Prior
1171 4299 1271 4382 igitur

165 4403 255 4470 misit
275 4423 378 4468 vnum
400 4403 598 4468 canonicum
623 4404 665 4467 ad
688 4404 813 4467 curiam
836 4413 953 4467 contra
975 4402 1119 4466 eundem
1143 4402 1270 4468 Lucam
