<?xml version="1.0" encoding="UTF-8"?>
<!DOCTYPE html PUBLIC "-//W3C//DTD XHTML 1.0 Transitional//EN"
    "http://www.w3.org/TR/xhtml1/DTD/xhtml1-transitional.dtd">
<html xmlns="http://www.w3.org/1999/xhtml" xml:lang="en" lang="en">
 <head>
  <title>
</title>
<meta http-equiv="Content-Type" content="text/html;charset=utf-8" />
  <meta name='ocr-system' content='tesseract 3.04.00' />
  <meta name='ocr-capabilities' content='ocr_page ocr_carea ocr_par ocr_line ocrx_word'/>
</head>
<body>
  <div class='ocr_page' id='page_1' title='image "./libermemorandor00clargoog/libermemorandor00clargoog_0373.png"; bbox 0 0 3234 5059; ppageno 0'>
   <div class='ocr_carea' id='block_1_1' title="bbox 174 349 1277 451">
    <p class='ocr_par' dir='ltr' id='par_1_1' title="bbox 174 349 1277 451">
     <span class='ocr_line' id='line_1_1' title="bbox 174 349 1277 451; baseline 0.006 -27"><span class='ocrx_word' id='word_1_1' title='bbox 174 349 246 450; x_wconf 85' lang='lat' dir='ltr'>vu]</span> <span class='ocrx_word' id='word_1_2' title='bbox 522 353 560 425; x_wconf 88' lang='lat' dir='ltr'><em>T</em></span> <span class='ocrx_word' id='word_1_3' title='bbox 554 363 684 428; x_wconf 70' lang='lat' dir='ltr'>enanis</span> <span class='ocrx_word' id='word_1_4' title='bbox 709 354 753 427; x_wconf 81' lang='lat' dir='ltr'>in</span> <span class='ocrx_word' id='word_1_5' title='bbox 778 355 926 430; x_wconf 79' lang='lat' dir='ltr'>Barton</span> <span class='ocrx_word' id='word_1_6' title='bbox 1206 378 1277 451; x_wconf 85' lang='lat'>305</span> 
     </span>
    </p>
   </div>
   <div class='ocr_carea' id='block_1_2' title="bbox 460 710 988 779">
    <p class='ocr_par' dir='ltr' id='par_1_2' title="bbox 460 710 988 779">
     <span class='ocr_line' id='line_1_2' title="bbox 460 710 988 779; baseline 0.009 -5"><span class='ocrx_word' id='word_1_7' title='bbox 460 710 623 776; x_wconf 81' lang='lat' dir='ltr'><em>Redditus</em></span> <span class='ocrx_word' id='word_1_8' title='bbox 643 713 683 776; x_wconf 85' lang='lat' dir='ltr'>de</span> <span class='ocrx_word' id='word_1_9' title='bbox 703 712 838 778; x_wconf 76' lang='lat' dir='ltr'>termino</span> <span class='ocrx_word' id='word_1_10' title='bbox 860 712 988 779; x_wconf 82' lang='lat' dir='ltr'>Pasclu.</span> 
     </span>
    </p>
   </div>
   <div class='ocr_carea' id='block_1_3' title="bbox 172 872 1368 2119">
    <p class='ocr_par' dir='ltr' id='par_1_3' title="bbox 173 872 1124 971">
     <span class='ocr_line' id='line_1_3' title="bbox 173 872 1124 971; baseline 0.006 -25"><span class='ocrx_word' id='word_1_11' title='bbox 173 872 180 885; x_wconf 85' lang='grc'>’</span> <span class='ocrx_word' id='word_1_12' title='bbox 239 884 293 947; x_wconf 89' lang='lat' dir='ltr'>De</span> <span class='ocrx_word' id='word_1_13' title='bbox 308 884 478 949; x_wconf 83' lang='lat' dir='ltr'>Willeimo</span> <span class='ocrx_word' id='word_1_14' title='bbox 494 884 562 949; x_wconf 85' lang='lat' dir='ltr'>filio</span> <span class='ocrx_word' id='word_1_15' title='bbox 578 886 706 951; x_wconf 88' lang='lat' dir='ltr'>Warini</span> <span class='ocrx_word' id='word_1_16' title='bbox 721 887 764 950; x_wconf 90' lang='lat' dir='ltr'>ad</span> <span class='ocrx_word' id='word_1_17' title='bbox 782 886 906 971; x_wconf 92' lang='lat' dir='ltr'>Ripam</span> <span class='ocrx_word' id='word_1_18' title='bbox 922 888 976 971; x_wconf 85' lang='lat' dir='ltr'>iij.</span> <span class='ocrx_word' id='word_1_19' title='bbox 991 888 1124 953; x_wconf 80' lang='lat' dir='ltr'>solidos,</span> 
     </span>
    </p>

    <p class='ocr_par' dir='ltr' id='par_1_4' title="bbox 240 987 1368 1075">
     <span class='ocr_line' id='line_1_4' title="bbox 240 987 1368 1075; baseline 0.011 -25"><span class='ocrx_word' id='word_1_20' title='bbox 240 987 293 1050; x_wconf 85' lang='lat' dir='ltr'>De</span> <span class='ocrx_word' id='word_1_21' title='bbox 310 988 457 1070; x_wconf 87' lang='lat' dir='ltr'>Hugone</span> <span class='ocrx_word' id='word_1_22' title='bbox 475 989 647 1072; x_wconf 87' lang='lat' dir='ltr'>Fleminge</span> <span class='ocrx_word' id='word_1_23' title='bbox 662 990 807 1055; x_wconf 91' lang='lat' dir='ltr'>obolum.</span> <span class='ocrx_word' id='word_1_24' title='bbox 1292 1011 1310 1061; x_wconf 81' lang='lat' dir='ltr'>r.</span> <span class='ocrx_word' id='word_1_25' title='bbox 1325 1024 1368 1075; x_wconf 73' lang='grc' dir='ltr'>ψ</span> 
     </span>
    </p>

    <p class='ocr_par' dir='ltr' id='par_1_5' title="bbox 240 1094 1257 1179">
     <span class='ocr_line' id='line_1_5' title="bbox 240 1094 1257 1179; baseline 0.005 -22"><span class='ocrx_word' id='word_1_26' title='bbox 240 1094 293 1157; x_wconf 89' lang='lat' dir='ltr'>De</span> <span class='ocrx_word' id='word_1_27' title='bbox 310 1094 443 1177; x_wconf 88' lang='lat' dir='ltr'>Rogero</span> <span class='ocrx_word' id='word_1_28' title='bbox 460 1095 575 1159; x_wconf 85' lang='lat' dir='ltr'>Pemel</span> <span class='ocrx_word' id='word_1_29' title='bbox 592 1115 652 1178; x_wconf 92' lang='lat' dir='ltr'>pro</span> <span class='ocrx_word' id='word_1_30' title='bbox 667 1104 755 1160; x_wconf 85' lang='lat' dir='ltr'>terra</span> <span class='ocrx_word' id='word_1_31' title='bbox 769 1095 933 1179; x_wconf 90' lang='lat' dir='ltr'>Johannis</span> <span class='ocrx_word' id='word_1_32' title='bbox 950 1094 980 1160; x_wconf 90' lang='lat' dir='ltr'>le</span> <span class='ocrx_word' id='word_1_33' title='bbox 997 1095 1096 1161; x_wconf 91' lang='lat' dir='ltr'>Child</span> <span class='ocrx_word' id='word_1_34' title='bbox 1112 1097 1257 1163; x_wconf 88' lang='lat' dir='ltr'>obolum.</span> 
     </span>
    </p>

    <p class='ocr_par' dir='ltr' id='par_1_6' title="bbox 239 1197 933 1283">
     <span class='ocr_line' id='line_1_6' title="bbox 239 1197 933 1283; baseline 0.004 -21"><span class='ocrx_word' id='word_1_35' title='bbox 239 1199 293 1262; x_wconf 89' lang='lat' dir='ltr'>De</span> <span class='ocrx_word' id='word_1_36' title='bbox 306 1197 459 1281; x_wconf 82' lang='lat' dir='ltr'>Johanne</span> <span class='ocrx_word' id='word_1_37' title='bbox 476 1199 506 1262; x_wconf 89' lang='lat' dir='ltr'>le</span> <span class='ocrx_word' id='word_1_38' title='bbox 522 1200 690 1283; x_wconf 88' lang='lat' dir='ltr'>Franceys</span> <span class='ocrx_word' id='word_1_39' title='bbox 705 1199 735 1281; x_wconf 89' lang='lat' dir='ltr'>.j.</span> <span class='ocrx_word' id='word_1_40' title='bbox 749 1200 933 1265; x_wconf 85' lang='lat' dir='ltr'>denarium.</span> 
     </span>
    </p>

    <p class='ocr_par' dir='ltr' id='par_1_7' title="bbox 240 1301 863 1387">
     <span class='ocr_line' id='line_1_7' title="bbox 240 1301 863 1387; baseline 0.008 -23"><span class='ocrx_word' id='word_1_41' title='bbox 240 1301 293 1365; x_wconf 86' lang='lat' dir='ltr'>De</span> <span class='ocrx_word' id='word_1_42' title='bbox 307 1302 462 1385; x_wconf 89' lang='lat' dir='ltr'>Johanne</span> <span class='ocrx_word' id='word_1_43' title='bbox 477 1302 521 1367; x_wconf 87' lang='lat' dir='ltr'>de</span> <span class='ocrx_word' id='word_1_44' title='bbox 537 1303 571 1367; x_wconf 92' lang='lat' dir='ltr'><em>H</em></span> <span class='ocrx_word' id='word_1_45' title='bbox 573 1313 702 1387; x_wconf 85' lang='lat' dir='ltr'>yntone</span> <span class='ocrx_word' id='word_1_46' title='bbox 716 1302 863 1369; x_wconf 89' lang='lat' dir='ltr'>obolum.</span> 
     </span>
    </p>

    <p class='ocr_par' dir='ltr' id='par_1_8' title="bbox 172 1406 1278 1577">
     <span class='ocr_line' id='line_1_8' title="bbox 240 1406 1278 1492; baseline 0.005 -22"><span class='ocrx_word' id='word_1_47' title='bbox 240 1406 294 1470; x_wconf 88' lang='lat' dir='ltr'>De</span> <span class='ocrx_word' id='word_1_48' title='bbox 320 1407 453 1472; x_wconf 89' lang='lat' dir='ltr'>Amicia</span> <span class='ocrx_word' id='word_1_49' title='bbox 479 1429 585 1473; x_wconf 86' lang='lat' dir='ltr'>vxore</span> <span class='ocrx_word' id='word_1_50' title='bbox 613 1409 750 1473; x_wconf 88' lang='lat' dir='ltr'>Henrici</span> <span class='ocrx_word' id='word_1_51' title='bbox 782 1408 840 1492; x_wconf 86' lang='lat' dir='ltr'>filij</span> <span class='ocrx_word' id='word_1_52' title='bbox 869 1410 1001 1474; x_wconf 90' lang='lat' dir='ltr'>Thome</span> <span class='ocrx_word' id='word_1_53' title='bbox 1031 1431 1131 1475; x_wconf 88' lang='lat' dir='ltr'>vnam</span> <span class='ocrx_word' id='word_1_54' title='bbox 1160 1412 1278 1477; x_wconf 89' lang='lat' dir='ltr'>libram</span> 
     </span>
     <span class='ocr_line' id='line_1_9' title="bbox 172 1530 294 1577; baseline 0.025 -3"><span class='ocrx_word' id='word_1_55' title='bbox 172 1530 294 1577; x_wconf 85' lang='lat' dir='ltr'>ermrm.</span> 
     </span>
    </p>

    <p class='ocr_par' dir='ltr' id='par_1_9' title="bbox 172 1615 1278 1785">
     <span class='ocr_line' id='line_1_10' title="bbox 238 1615 1278 1702; baseline 0.004 -23"><span class='ocrx_word' id='word_1_56' title='bbox 238 1615 293 1679; x_wconf 85' lang='lat' dir='ltr'>De</span> <span class='ocrx_word' id='word_1_57' title='bbox 331 1615 479 1681; x_wconf 88' lang='lat' dir='ltr'>Henrico</span> <span class='ocrx_word' id='word_1_58' title='bbox 508 1618 675 1684; x_wconf 83' lang='lat' dir='ltr'>aurifabro</span> <span class='ocrx_word' id='word_1_59' title='bbox 711 1639 772 1701; x_wconf 90' lang='lat' dir='ltr'>pro</span> <span class='ocrx_word' id='word_1_60' title='bbox 809 1628 897 1684; x_wconf 88' lang='lat' dir='ltr'>terra</span> <span class='ocrx_word' id='word_1_61' title='bbox 925 1618 1087 1702; x_wconf 90' lang='lat' dir='ltr'>Johannis</span> <span class='ocrx_word' id='word_1_62' title='bbox 1118 1620 1149 1684; x_wconf 85' lang='lat' dir='ltr'>le</span> <span class='ocrx_word' id='word_1_63' title='bbox 1180 1618 1278 1686; x_wconf 90' lang='lat' dir='ltr'>Child</span> 
     </span>
     <span class='ocr_line' id='line_1_11' title="bbox 172 1719 318 1785; baseline 0.021 -3"><span class='ocrx_word' id='word_1_64' title='bbox 172 1719 318 1785; x_wconf 89' lang='lat' dir='ltr'>obolum.</span> 
     </span>
    </p>

    <p class='ocr_par' dir='ltr' id='par_1_10' title="bbox 173 1822 1279 2010">
     <span class='ocr_line' id='line_1_12' title="bbox 238 1822 1279 1909; baseline 0.005 -23"><span class='ocrx_word' id='word_1_65' title='bbox 238 1822 291 1887; x_wconf 92' lang='lat' dir='ltr'>De</span> <span class='ocrx_word' id='word_1_66' title='bbox 307 1822 457 1906; x_wconf 86' lang='lat' dir='ltr'>Symone</span> <span class='ocrx_word' id='word_1_67' title='bbox 477 1825 520 1889; x_wconf 88' lang='lat' dir='ltr'>de</span> <span class='ocrx_word' id='word_1_68' title='bbox 541 1824 612 1890; x_wconf 91' lang='lat' dir='ltr'>Len</span> <span class='ocrx_word' id='word_1_69' title='bbox 633 1825 677 1891; x_wconf 80' lang='lat' dir='ltr'>de</span> <span class='ocrx_word' id='word_1_70' title='bbox 698 1825 914 1909; x_wconf 83' lang='lat' dir='ltr'>Cantebrigia</span> <span class='ocrx_word' id='word_1_71' title='bbox 931 1846 992 1909; x_wconf 90' lang='lat' dir='ltr'>pro</span> <span class='ocrx_word' id='word_1_72' title='bbox 1007 1835 1094 1891; x_wconf 90' lang='lat' dir='ltr'>terra</span> <span class='ocrx_word' id='word_1_73' title='bbox 1115 1826 1279 1909; x_wconf 88' lang='lat' dir='ltr'>Johannis</span> 
     </span>
     <span class='ocr_line' id='line_1_13' title="bbox 173 1926 562 2010; baseline 0.013 -21"><span class='ocrx_word' id='word_1_74' title='bbox 173 1926 204 1989; x_wconf 87' lang='lat' dir='ltr'>le</span> <span class='ocrx_word' id='word_1_75' title='bbox 220 1926 318 1993; x_wconf 92' lang='lat' dir='ltr'>Child</span> <span class='ocrx_word' id='word_1_76' title='bbox 335 1927 364 2010; x_wconf 83' lang='lat' dir='ltr'>.j.</span> <span class='ocrx_word' id='word_1_77' title='bbox 380 1929 562 1994; x_wconf 87' lang='lat' dir='ltr'>denarium.</span> 
     </span>
    </p>

    <p class='ocr_par' dir='ltr' id='par_1_11' title="bbox 559 2033 1280 2119">
     <span class='ocr_line' id='line_1_14' title="bbox 559 2033 1280 2119; baseline 0.003 -20"><span class='ocrx_word' id='word_1_78' title='bbox 559 2033 699 2099; x_wconf 86' lang='lat' dir='ltr'>Summa</span> <span class='ocrx_word' id='word_1_79' title='bbox 714 2034 764 2116; x_wconf 91' lang='lat' dir='ltr'><strong>.vj.</strong></span> <span class='ocrx_word' id='word_1_80' title='bbox 781 2033 879 2098; x_wconf 91' lang='lat' dir='ltr'>solidi</span> <span class='ocrx_word' id='word_1_81' title='bbox 895 2056 936 2099; x_wconf 87' lang='lat' dir='ltr'>.x.</span> <span class='ocrx_word' id='word_1_82' title='bbox 953 2034 1080 2099; x_wconf 86' lang='lat' dir='ltr'>denarii</span> <span class='ocrx_word' id='word_1_83' title='bbox 1095 2035 1280 2119; x_wconf 89' lang='lat' dir='ltr'>quadrant&#39;.</span> 
     </span>
    </p>
   </div>
   <div class='ocr_carea' id='block_1_4' title="bbox 411 2229 1030 2297">
    <p class='ocr_par' dir='ltr' id='par_1_12' title="bbox 411 2229 1030 2297">
     <span class='ocr_line' id='line_1_15' title="bbox 411 2229 1030 2297; baseline 0.006 -4"><span class='ocrx_word' id='word_1_84' title='bbox 411 2247 461 2295; x_wconf 88' lang='lat'>22.</span> <span class='ocrx_word' id='word_1_85' title='bbox 508 2229 637 2295; x_wconf 85' lang='lat' dir='ltr'>Solucio</span> <span class='ocrx_word' id='word_1_86' title='bbox 659 2231 805 2296; x_wconf 82' lang='lat' dir='ltr'>redditus</span> <span class='ocrx_word' id='word_1_87' title='bbox 827 2232 866 2295; x_wconf 80' lang='lat' dir='ltr'>de</span> <span class='ocrx_word' id='word_1_88' title='bbox 886 2232 1030 2297; x_wconf 85' lang='lat' dir='ltr'>Bertone.</span> 
     </span>
    </p>
   </div>
   <div class='ocr_carea' id='block_1_5' title="bbox 169 2395 1278 3733">
    <p class='ocr_par' dir='ltr' id='par_1_13' title="bbox 171 2395 1277 2695">
     <span class='ocr_line' id='line_1_16' title="bbox 236 2395 1277 2481; baseline 0.005 -23"><span class='ocrx_word' id='word_1_89' title='bbox 236 2395 436 2460; x_wconf 87' lang='lat' dir='ltr'>¹Attomato</span> <span class='ocrx_word' id='word_1_90' title='bbox 464 2396 621 2479; x_wconf 90' lang='lat' dir='ltr'>Hugonis</span> <span class='ocrx_word' id='word_1_91' title='bbox 650 2397 694 2460; x_wconf 88' lang='lat' dir='ltr'>de</span> <span class='ocrx_word' id='word_1_92' title='bbox 719 2397 809 2461; x_wconf 91' lang='lat' dir='ltr'>Diua</span> <span class='ocrx_word' id='word_1_93' title='bbox 839 2420 875 2463; x_wconf 92' lang='lat' dir='ltr'>.c.</span> <span class='ocrx_word' id='word_1_94' title='bbox 906 2398 1032 2462; x_wconf 89' lang='lat' dir='ltr'>solidos</span> <span class='ocrx_word' id='word_1_95' title='bbox 1063 2420 1121 2481; x_wconf 89' lang='lat' dir='ltr'>per</span> <span class='ocrx_word' id='word_1_96' title='bbox 1152 2419 1277 2463; x_wconf 90' lang='lat' dir='ltr'>annum</span> 
     </span>
     <span class='ocr_line' id='line_1_17' title="bbox 171 2500 1277 2568; baseline 0.002 -4"><span class='ocrx_word' id='word_1_97' title='bbox 171 2501 385 2565; x_wconf 86' lang='lat' dir='ltr'>medietatem</span> <span class='ocrx_word' id='word_1_98' title='bbox 409 2502 451 2565; x_wconf 92' lang='lat' dir='ltr'>ad</span> <span class='ocrx_word' id='word_1_99' title='bbox 485 2500 611 2565; x_wconf 86' lang='lat' dir='ltr'>Pascha</span> <span class='ocrx_word' id='word_1_100' title='bbox 632 2510 667 2566; x_wconf 84' lang='lat' dir='ltr'>et</span> <span class='ocrx_word' id='word_1_101' title='bbox 693 2503 909 2566; x_wconf 89' lang='lat' dir='ltr'>medietatem</span> <span class='ocrx_word' id='word_1_102' title='bbox 934 2504 977 2567; x_wconf 90' lang='lat' dir='ltr'>ad</span> <span class='ocrx_word' id='word_1_103' title='bbox 1009 2503 1129 2567; x_wconf 86' lang='lat' dir='ltr'>festum</span> <span class='ocrx_word' id='word_1_104' title='bbox 1163 2503 1277 2568; x_wconf 83' lang='lat' dir='ltr'><strong>Sancti</strong></span> 
     </span>
     <span class='ocr_line' id='line_1_18' title="bbox 172 2605 1009 2695; baseline 0.002 -26"><span class='ocrx_word' id='word_1_105' title='bbox 172 2605 369 2669; x_wconf 79' lang='lat' dir='ltr'>Michaelis1.</span> <span class='ocrx_word' id='word_1_106' title='bbox 1006 2686 1009 2695; x_wconf 29' lang='grc' dir='ltr'><strong><em>Ι</em></strong></span> 
     </span>
    </p>

    <p class='ocr_par' dir='ltr' id='par_1_14' title="bbox 169 2710 1277 3211">
     <span class='ocr_line' id='line_1_19' title="bbox 237 2710 1277 2797; baseline 0.004 -23"><span class='ocrx_word' id='word_1_107' title='bbox 237 2710 385 2774; x_wconf 92' lang='lat' dir='ltr'>Domino</span> <span class='ocrx_word' id='word_1_108' title='bbox 401 2710 550 2775; x_wconf 88' lang='lat' dir='ltr'>Roberto</span> <span class='ocrx_word' id='word_1_109' title='bbox 565 2711 608 2775; x_wconf 92' lang='lat' dir='ltr'>de</span> <span class='ocrx_word' id='word_1_110' title='bbox 625 2711 683 2776; x_wconf 90' lang='lat' dir='ltr'>Ho</span> <span class='ocrx_word' id='word_1_111' title='bbox 698 2711 740 2776; x_wconf 92' lang='lat' dir='ltr'>ad</span> <span class='ocrx_word' id='word_1_112' title='bbox 758 2712 878 2777; x_wconf 82' lang='lat' dir='ltr'>festum</span> <span class='ocrx_word' id='word_1_113' title='bbox 897 2713 1011 2779; x_wconf 86' lang='lat' dir='ltr'>Sancti</span> <span class='ocrx_word' id='word_1_114' title='bbox 1029 2713 1202 2777; x_wconf 82' lang='lat' dir='ltr'>Michaelis</span> <span class='ocrx_word' id='word_1_115' title='bbox 1217 2735 1277 2797; x_wconf 89' lang='lat' dir='ltr'>pro</span> 
     </span>
     <span class='ocr_line' id='line_1_20' title="bbox 170 2814 1275 2899; baseline 0.004 -22"><span class='ocrx_word' id='word_1_116' title='bbox 170 2814 281 2878; x_wconf 86' lang='lat' dir='ltr'>warda</span> <span class='ocrx_word' id='word_1_117' title='bbox 296 2815 339 2878; x_wconf 85' lang='lat' dir='ltr'>de</span> <span class='ocrx_word' id='word_1_118' title='bbox 355 2814 565 2896; x_wconf 85' lang='lat' dir='ltr'>Bokingham</span> <span class='ocrx_word' id='word_1_119' title='bbox 579 2836 616 2879; x_wconf 91' lang='lat' dir='ltr'>.v.</span> <span class='ocrx_word' id='word_1_120' title='bbox 629 2814 763 2879; x_wconf 89' lang='lat' dir='ltr'>solidos.</span> <span class='ocrx_word' id='word_1_121' title='bbox 799 2816 860 2881; x_wconf 65' lang='grc' dir='ltr'>Ἐἰ</span> <span class='ocrx_word' id='word_1_122' title='bbox 876 2837 937 2899; x_wconf 90' lang='lat' dir='ltr'>pro</span> <span class='ocrx_word' id='word_1_123' title='bbox 953 2816 1083 2881; x_wconf 85' lang='lat' dir='ltr'>redditu</span> <span class='ocrx_word' id='word_1_124' title='bbox 1096 2818 1138 2881; x_wconf 88' lang='lat' dir='ltr'>ad</span> <span class='ocrx_word' id='word_1_125' title='bbox 1154 2817 1275 2881; x_wconf 86' lang='lat' dir='ltr'>festum</span> 
     </span>
     <span class='ocr_line' id='line_1_21' title="bbox 171 2917 1277 3003; baseline 0.003 -21"><span class='ocrx_word' id='word_1_126' title='bbox 171 2917 285 2982; x_wconf 87' lang='lat' dir='ltr'>Sancti</span> <span class='ocrx_word' id='word_1_127' title='bbox 311 2917 483 2982; x_wconf 85' lang='lat' dir='ltr'>Michaelis</span> <span class='ocrx_word' id='word_1_128' title='bbox 505 2941 543 2983; x_wconf 83' lang='lat' dir='ltr'>.v.</span> <span class='ocrx_word' id='word_1_129' title='bbox 574 2919 706 2984; x_wconf 91' lang='lat' dir='ltr'>solidos.</span> <span class='ocrx_word' id='word_1_130' title='bbox 753 2918 798 2983; x_wconf 87' lang='lat' dir='ltr'>Et</span> <span class='ocrx_word' id='word_1_131' title='bbox 821 2941 882 3003; x_wconf 92' lang='lat' dir='ltr'>pro</span> <span class='ocrx_word' id='word_1_132' title='bbox 912 2922 1043 2984; x_wconf 89' lang='lat' dir='ltr'>redditu</span> <span class='ocrx_word' id='word_1_133' title='bbox 1075 2921 1117 2984; x_wconf 90' lang='lat' dir='ltr'>ad</span> <span class='ocrx_word' id='word_1_134' title='bbox 1151 2921 1277 2985; x_wconf 86' lang='lat' dir='ltr'>Pascha</span> 
     </span>
     <span class='ocr_line' id='line_1_22' title="bbox 169 3022 1275 3106; baseline 0.003 -21"><span class='ocrx_word' id='word_1_135' title='bbox 169 3043 208 3085; x_wconf 89' lang='lat' dir='ltr'>.v.</span> <span class='ocrx_word' id='word_1_136' title='bbox 222 3022 368 3086; x_wconf 83' lang='lat' dir='ltr'>solidos².</span> <span class='ocrx_word' id='word_1_137' title='bbox 416 3023 502 3087; x_wconf 86' lang='lat' dir='ltr'>Item</span> <span class='ocrx_word' id='word_1_138' title='bbox 522 3024 630 3087; x_wconf 89' lang='lat' dir='ltr'>eidem</span> <span class='ocrx_word' id='word_1_139' title='bbox 652 3024 789 3105; x_wconf 87' lang='lat' dir='ltr'>quando</span> <span class='ocrx_word' id='word_1_140' title='bbox 812 3024 999 3106; x_wconf 81' lang='lat' dir='ltr'>scutagium</span> <span class='ocrx_word' id='word_1_141' title='bbox 1021 3026 1121 3089; x_wconf 89' lang='lat' dir='ltr'>currit</span> <span class='ocrx_word' id='word_1_142' title='bbox 1136 3025 1230 3089; x_wconf 87' lang='lat' dir='ltr'>dabit</span> <span class='ocrx_word' id='word_1_143' title='bbox 1245 3026 1275 3088; x_wconf 91' lang='lat' dir='ltr'>ei</span> 
     </span>
     <span class='ocr_line' id='line_1_23' title="bbox 171 3125 1132 3211; baseline 0.004 -23"><span class='ocrx_word' id='word_1_144' title='bbox 171 3125 263 3189; x_wconf 88' lang='lat' dir='ltr'>Prior</span> <span class='ocrx_word' id='word_1_145' title='bbox 277 3127 464 3210; x_wconf 84' lang='lat' dir='ltr'>scutagium</span> <span class='ocrx_word' id='word_1_146' title='bbox 481 3148 541 3211; x_wconf 93' lang='lat' dir='ltr'>pro</span> <span class='ocrx_word' id='word_1_147' title='bbox 555 3148 621 3191; x_wconf 91' lang='lat' dir='ltr'>vno</span> <span class='ocrx_word' id='word_1_148' title='bbox 638 3126 737 3192; x_wconf 78' lang='lat' dir='ltr'>feodo</span> <span class='ocrx_word' id='word_1_149' title='bbox 752 3128 883 3210; x_wconf 85' lang='lat' dir='ltr'>integro</span> <span class='ocrx_word' id='word_1_150' title='bbox 898 3129 994 3191; x_wconf 90' lang='lat' dir='ltr'>vnius</span> <span class='ocrx_word' id='word_1_151' title='bbox 1010 3126 1132 3193; x_wconf 88' lang='lat' dir='ltr'>militis.</span> 
     </span>
    </p>

    <p class='ocr_par' dir='ltr' id='par_1_15' title="bbox 169 3230 1278 3521">
     <span class='ocr_line' id='line_1_24' title="bbox 237 3230 1278 3316; baseline 0.003 -22"><span class='ocrx_word' id='word_1_152' title='bbox 237 3230 323 3294; x_wconf 87' lang='lat' dir='ltr'><strong>Item</strong></span> <span class='ocrx_word' id='word_1_153' title='bbox 352 3231 499 3314; x_wconf 91' lang='lat' dir='ltr'>Johanni</span> <span class='ocrx_word' id='word_1_154' title='bbox 536 3230 702 3295; x_wconf 82' lang='lat' dir='ltr'>aurifabro</span> <span class='ocrx_word' id='word_1_155' title='bbox 732 3252 793 3315; x_wconf 92' lang='lat' dir='ltr'>pro</span> <span class='ocrx_word' id='word_1_156' title='bbox 823 3242 910 3295; x_wconf 89' lang='lat' dir='ltr'>terra</span> <span class='ocrx_word' id='word_1_157' title='bbox 940 3232 1091 3315; x_wconf 90' lang='lat' dir='ltr'>Gregorij</span> <span class='ocrx_word' id='word_1_158' title='bbox 1124 3234 1189 3297; x_wconf 87' lang='lat' dir='ltr'>Ere</span> <span class='ocrx_word' id='word_1_159' title='bbox 1219 3254 1278 3316; x_wconf 91' lang='lat' dir='ltr'>per</span> 
     </span>
     <span class='ocr_line' id='line_1_25' title="bbox 169 3335 1277 3420; baseline 0.002 -21"><span class='ocrx_word' id='word_1_160' title='bbox 169 3355 294 3399; x_wconf 90' lang='lat' dir='ltr'>annum</span> <span class='ocrx_word' id='word_1_161' title='bbox 310 3335 363 3417; x_wconf 87' lang='lat' dir='ltr'>iij.</span> <span class='ocrx_word' id='word_1_162' title='bbox 376 3335 539 3400; x_wconf 83' lang='lat' dir='ltr'>denarios.</span> <span class='ocrx_word' id='word_1_163' title='bbox 585 3336 671 3400; x_wconf 89' lang='lat' dir='ltr'><strong>Item</strong></span> <span class='ocrx_word' id='word_1_164' title='bbox 684 3336 793 3400; x_wconf 87' lang='lat' dir='ltr'>eidem</span> <span class='ocrx_word' id='word_1_165' title='bbox 809 3357 871 3420; x_wconf 90' lang='lat' dir='ltr'>pro</span> <span class='ocrx_word' id='word_1_166' title='bbox 885 3346 972 3402; x_wconf 87' lang='lat' dir='ltr'>terra</span> <span class='ocrx_word' id='word_1_167' title='bbox 987 3337 1147 3402; x_wconf 88' lang='lat' dir='ltr'>Willelmi</span> <span class='ocrx_word' id='word_1_168' title='bbox 1163 3338 1277 3403; x_wconf 91' lang='lat' dir='ltr'>Warin</span> 
     </span>
     <span class='ocr_line' id='line_1_26' title="bbox 171 3439 619 3521; baseline 0 -19"><span class='ocrx_word' id='word_1_169' title='bbox 171 3458 371 3521; x_wconf 89' lang='lat' dir='ltr'>perannum</span> <span class='ocrx_word' id='word_1_170' title='bbox 388 3439 441 3502; x_wconf 85' lang='lat' dir='ltr'>ix.</span> <span class='ocrx_word' id='word_1_171' title='bbox 458 3439 619 3503; x_wconf 89' lang='lat' dir='ltr'>denarios.</span> 
     </span>
    </p>

    <p class='ocr_par' dir='ltr' id='par_1_16' title="bbox 170 3542 1277 3733">
     <span class='ocr_line' id='line_1_27' title="bbox 237 3542 1277 3629; baseline 0.005 -22"><span class='ocrx_word' id='word_1_172' title='bbox 237 3543 323 3607; x_wconf 89' lang='lat' dir='ltr'>Item</span> <span class='ocrx_word' id='word_1_173' title='bbox 347 3542 519 3608; x_wconf 86' lang='lat' dir='ltr'>Willelmo</span> <span class='ocrx_word' id='word_1_174' title='bbox 544 3544 667 3626; x_wconf 88' lang='lat' dir='ltr'>Juueni</span> <span class='ocrx_word' id='word_1_175' title='bbox 693 3544 736 3609; x_wconf 89' lang='lat' dir='ltr'>de</span> <span class='ocrx_word' id='word_1_176' title='bbox 765 3544 997 3629; x_wconf 88' lang='lat' dir='ltr'>Haselingseld</span> <span class='ocrx_word' id='word_1_177' title='bbox 1022 3566 1084 3629; x_wconf 91' lang='lat' dir='ltr'>pro</span> <span class='ocrx_word' id='word_1_178' title='bbox 1106 3546 1277 3612; x_wconf 83' lang='lat' dir='ltr'>Wicstede</span> 
     </span>
     <span class='ocr_line' id='line_1_28' title="bbox 170 3646 978 3733; baseline 0.005 -22"><span class='ocrx_word' id='word_1_179' title='bbox 170 3646 331 3711; x_wconf 90' lang='lat' dir='ltr'>Willelmi</span> <span class='ocrx_word' id='word_1_180' title='bbox 355 3648 471 3712; x_wconf 93' lang='lat' dir='ltr'>Warin</span> <span class='ocrx_word' id='word_1_181' title='bbox 495 3668 701 3732; x_wconf 87' lang='lat' dir='ltr'>perannum</span> <span class='ocrx_word' id='word_1_182' title='bbox 726 3650 793 3733; x_wconf 61' lang='lat' dir='ltr'>xij.</span> <span class='ocrx_word' id='word_1_183' title='bbox 816 3650 978 3715; x_wconf 85' lang='lat' dir='ltr'>denarios</span> 
     </span>
    </p>
   </div>
   <div class='ocr_carea' id='block_1_6' title="bbox 168 3751 1277 3937">
    <p class='ocr_par' dir='ltr' id='par_1_17' title="bbox 168 3751 1277 3937">
     <span class='ocr_line' id='line_1_29' title="bbox 235 3751 1277 3836; baseline 0.006 -22"><span class='ocrx_word' id='word_1_184' title='bbox 235 3751 322 3815; x_wconf 86' lang='lat' dir='ltr'><strong>Item</strong></span> <span class='ocrx_word' id='word_1_185' title='bbox 352 3751 505 3817; x_wconf 88' lang='lat' dir='ltr'>Galfrido</span> <span class='ocrx_word' id='word_1_186' title='bbox 535 3752 663 3817; x_wconf 85' lang='lat' dir='ltr'>Kniuet</span> <span class='ocrx_word' id='word_1_187' title='bbox 694 3775 754 3836; x_wconf 91' lang='lat' dir='ltr'>pro</span> <span class='ocrx_word' id='word_1_188' title='bbox 784 3765 873 3819; x_wconf 83' lang='lat' dir='ltr'>terra</span> <span class='ocrx_word' id='word_1_189' title='bbox 908 3754 1067 3819; x_wconf 89' lang='lat' dir='ltr'>Willelmi</span> <span class='ocrx_word' id='word_1_190' title='bbox 1107 3755 1277 3819; x_wconf 88' lang='lat' dir='ltr'>Wauberd</span> 
     </span>
     <span class='ocr_line' id='line_1_30' title="bbox 168 3854 393 3937; baseline 0.004 -20"><span class='ocrx_word' id='word_1_191' title='bbox 168 3854 210 3937; x_wconf 85' lang='lat' dir='ltr'>ij.</span> <span class='ocrx_word' id='word_1_192' title='bbox 232 3855 393 3919; x_wconf 85' lang='lat' dir='ltr'>denarios.</span> 
     </span>
    </p>
   </div>
   <div class='ocr_carea' id='block_1_7' title="bbox 166 4006 1281 4487">
    <p class='ocr_par' dir='ltr' id='par_1_18' title="bbox 167 4006 1279 4241">
     <span class='ocr_line' id='line_1_31' title="bbox 216 4006 1279 4075; baseline 0.003 -17"><span class='ocrx_word' id='word_1_193' title='bbox 216 4006 226 4038; x_wconf 91' lang='lat'>¹</span> <span class='ocrx_word' id='word_1_194' title='bbox 243 4008 299 4058; x_wconf 85' lang='lat' dir='ltr'>The</span> <span class='ocrx_word' id='word_1_195' title='bbox 310 4009 452 4073; x_wconf 69' lang='lat' dir='ltr'>paragraph</span> <span class='ocrx_word' id='word_1_196' title='bbox 469 4012 486 4035; x_wconf 89' lang='lat'>“</span> <span class='ocrx_word' id='word_1_197' title='bbox 495 4007 821 4059; x_wconf 74' lang='lat' dir='ltr'>Attomato-Michaelis’&#39;</span> <span class='ocrx_word' id='word_1_198' title='bbox 836 4010 858 4059; x_wconf 92' lang='lat' dir='ltr'>is</span> <span class='ocrx_word' id='word_1_199' title='bbox 873 4010 961 4060; x_wconf 77' lang='lat' dir='ltr'>ceored</span> <span class='ocrx_word' id='word_1_200' title='bbox 976 4010 1095 4075; x_wconf 82' lang='lat' dir='ltr'>through,</span> <span class='ocrx_word' id='word_1_201' title='bbox 1112 4012 1162 4061; x_wconf 78' lang='lat' dir='ltr'>und</span> <span class='ocrx_word' id='word_1_202' title='bbox 1173 4012 1279 4061; x_wconf 76' lang='lat' dir='ltr'>another</span> 
     </span>
     <span class='ocr_line' id='line_1_32' title="bbox 167 4090 1278 4158; baseline 0.004 -18"><span class='ocrx_word' id='word_1_203' title='bbox 167 4090 235 4140; x_wconf 76' lang='lat' dir='ltr'>hand</span> <span class='ocrx_word' id='word_1_204' title='bbox 252 4091 297 4140; x_wconf 80' lang='lat' dir='ltr'>has</span> <span class='ocrx_word' id='word_1_205' title='bbox 313 4092 413 4141; x_wconf 83' lang='lat' dir='ltr'>written</span> <span class='ocrx_word' id='word_1_206' title='bbox 427 4092 508 4143; x_wconf 81' lang='lat' dir='ltr'>above</span> <span class='ocrx_word' id='word_1_207' title='bbox 522 4093 556 4142; x_wconf 85' lang='lat' dir='ltr'>it:</span> <span class='ocrx_word' id='word_1_208' title='bbox 577 4093 740 4142; x_wconf 78' lang='lat' dir='ltr'>“Relmtur</span> <span class='ocrx_word' id='word_1_209' title='bbox 754 4092 829 4141; x_wconf 86' lang='lat' dir='ltr'>nobis</span> <span class='ocrx_word' id='word_1_210' title='bbox 843 4108 889 4158; x_wconf 88' lang='lat' dir='ltr'>per</span> <span class='ocrx_word' id='word_1_211' title='bbox 903 4100 998 4143; x_wconf 79' lang='lat' dir='ltr'>cartam</span> <span class='ocrx_word' id='word_1_212' title='bbox 1014 4092 1119 4143; x_wconf 79' lang='lat' dir='ltr'>Hernici</span> <span class='ocrx_word' id='word_1_213' title='bbox 1136 4092 1278 4158; x_wconf 77' lang='lat' dir='ltr'>Coupman.</span> 
     </span>
     <span class='ocr_line' id='line_1_33' title="bbox 170 4174 888 4241; baseline 0 -16"><span class='ocrx_word' id='word_1_214' title='bbox 170 4176 306 4225; x_wconf 77' lang='lat' dir='ltr'>Reluxatur</span> <span class='ocrx_word' id='word_1_215' title='bbox 323 4190 368 4240; x_wconf 86' lang='lat' dir='ltr'>per</span> <span class='ocrx_word' id='word_1_216' title='bbox 383 4183 476 4225; x_wconf 80' lang='lat' dir='ltr'>carum</span> <span class='ocrx_word' id='word_1_217' title='bbox 492 4176 616 4241; x_wconf 85' lang='lat' dir='ltr'>Johannis</span> <span class='ocrx_word' id='word_1_218' title='bbox 633 4176 721 4225; x_wconf 79' lang='lat' dir='ltr'>Noites</span> <span class='ocrx_word' id='word_1_219' title='bbox 738 4174 888 4241; x_wconf 80' lang='lat' dir='ltr'>capellani.&#39;’</span> 
     </span>
    </p>

    <p class='ocr_par' dir='ltr' id='par_1_19' title="bbox 166 4256 1281 4487">
     <span class='ocr_line' id='line_1_34' title="bbox 216 4256 1280 4323; baseline 0.003 -16"><span class='ocrx_word' id='word_1_220' title='bbox 216 4256 228 4288; x_wconf 85' lang='lat'><strong>¹</strong></span> <span class='ocrx_word' id='word_1_221' title='bbox 243 4258 300 4307; x_wconf 86' lang='lat' dir='ltr'>The</span> <span class='ocrx_word' id='word_1_222' title='bbox 312 4258 450 4323; x_wconf 72' lang='lat' dir='ltr'>peregrrph</span> <span class='ocrx_word' id='word_1_223' title='bbox 466 4259 526 4308; x_wconf 86' lang='lat' dir='ltr'>“Et</span> <span class='ocrx_word' id='word_1_224' title='bbox 538 4274 584 4322; x_wconf 87' lang='lat' dir='ltr'>pro</span> <span class='ocrx_word' id='word_1_225' title='bbox 593 4258 843 4309; x_wconf 56' lang='lat' dir='ltr'>redditu-solidos*</span> <span class='ocrx_word' id='word_1_226' title='bbox 854 4260 971 4309; x_wconf 87' lang='lat' dir='ltr'>isscored</span> <span class='ocrx_word' id='word_1_227' title='bbox 984 4259 1100 4323; x_wconf 85' lang='lat' dir='ltr'>through,</span> <span class='ocrx_word' id='word_1_228' title='bbox 1112 4260 1162 4309; x_wconf 80' lang='lat' dir='ltr'>and</span> <span class='ocrx_word' id='word_1_229' title='bbox 1174 4259 1280 4310; x_wconf 77' lang='lat' dir='ltr'>another</span> 
     </span>
     <span class='ocr_line' id='line_1_35' title="bbox 166 4339 1281 4405; baseline 0.004 -18"><span class='ocrx_word' id='word_1_230' title='bbox 166 4339 234 4388; x_wconf 74' lang='lat' dir='ltr'>hand</span> <span class='ocrx_word' id='word_1_231' title='bbox 251 4339 297 4388; x_wconf 77' lang='lat' dir='ltr'>has</span> <span class='ocrx_word' id='word_1_232' title='bbox 308 4339 407 4389; x_wconf 82' lang='lat' dir='ltr'>written</span> <span class='ocrx_word' id='word_1_233' title='bbox 423 4340 504 4389; x_wconf 85' lang='lat' dir='ltr'>above</span> <span class='ocrx_word' id='word_1_234' title='bbox 521 4341 556 4389; x_wconf 88' lang='lat' dir='ltr'>it:</span> <span class='ocrx_word' id='word_1_235' title='bbox 575 4340 739 4391; x_wconf 74' lang='lat' dir='ltr'>“Reluutur</span> <span class='ocrx_word' id='word_1_236' title='bbox 754 4356 800 4405; x_wconf 88' lang='lat' dir='ltr'>per</span> <span class='ocrx_word' id='word_1_237' title='bbox 813 4348 907 4391; x_wconf 75' lang='lat' dir='ltr'>cunam</span> <span class='ocrx_word' id='word_1_238' title='bbox 922 4340 1022 4391; x_wconf 89' lang='lat' dir='ltr'>Thome</span> <span class='ocrx_word' id='word_1_239' title='bbox 1037 4341 1069 4391; x_wconf 92' lang='lat' dir='ltr'>de</span> <span class='ocrx_word' id='word_1_240' title='bbox 1081 4341 1142 4391; x_wconf 87' lang='lat' dir='ltr'>Hoo</span> <span class='ocrx_word' id='word_1_241' title='bbox 1157 4340 1281 4392; x_wconf 86' lang='lat' dir='ltr'>Cheualer</span> 
     </span>
     <span class='ocr_line' id='line_1_36' title="bbox 166 4422 563 4487; baseline -0.003 -14"><span class='ocrx_word' id='word_1_242' title='bbox 166 4422 360 4487; x_wconf 38' lang='lat' dir='ltr'>quia-dominus</span> <span class='ocrx_word' id='word_1_243' title='bbox 376 4422 437 4472; x_wconf 84' lang='lat' dir='ltr'>emit</span> <span class='ocrx_word' id='word_1_244' title='bbox 453 4422 543 4472; x_wconf 84' lang='lat' dir='ltr'>eidem.</span> <span class='ocrx_word' id='word_1_245' title='bbox 549 4422 563 4443; x_wconf 95' lang='grc'>”</span> 
     </span>
    </p>
   </div>
   <div class='ocr_carea' id='block_1_8' title="bbox 249 4546 1198 4591">
    <p class='ocr_par' dir='ltr' id='par_1_20' title="bbox 249 4546 1198 4591">
     <span class='ocr_line' id='line_1_37' title="bbox 249 4546 1198 4591; baseline 0 0"><span class='ocrx_word' id='word_1_246' title='bbox 249 4546 277 4591; x_wconf 77' lang='lat' dir='ltr'>C·</span> <span class='ocrx_word' id='word_1_247' title='bbox 1161 4554 1198 4591; x_wconf 88' lang='lat'>20</span> 
     </span>
    </p>
   </div>
   <div class='ocr_carea' id='block_1_9' title="bbox 0 0 1622 5059">
    <p class='ocr_par' dir='ltr' id='par_1_21' title="bbox 0 0 1622 5059">
     <span class='ocr_line' id='line_1_38' title="bbox 0 0 1622 5059; baseline 0 0"><span class='ocrx_word' id='word_1_248' title='bbox 0 0 1622 5059; x_wconf 95' lang='lat' dir='ltr'> </span> 
     </span>
    </p>
   </div>
  </div>
 </body>
</html>
