3234 5059
169 379 231 479 111]
392 382 562 482 Wayside
578 391 737 480 pastura
762 391 803 457 at
832 381 1047 457 Chcsterton
1206 388 1274 473 169

170 564 307 631 Roberti
333 567 514 651 Wymund.
561 568 628 635 Sed
654 569 745 633 Prior
767 571 812 632 de
834 569 898 632 hoc
921 568 1056 632 uocauit
1080 567 1275 630 Priorissam

170 668 295 734 Sancte
326 671 545 754 Radegundis
575 675 617 738 ad
644 671 858 756 war[entum]
888 692 947 754 per
973 679 1099 736 cartam
1126 670 1275 734 eiusdem

169 773 327 838 Priorisse
341 785 376 840 et
392 775 597 852 Conuentus,
612 786 647 840 et
663 777 734 860 ipsa
751 777 888 840 intrauit
904 777 946 840 ad
963 773 1276 858 war[antizandum]

168 878 294 943 dictum
332 880 479 944 Priorem
510 881 552 945 de
583 881 680 945 solio¹
716 891 751 944 et
781 881 952 962 mesuagio
983 880 1141 964 predicto.
1199 879 1276 942 Hoc

168 986 375 1066 mesuagium
403 985 514 1050 reddit
541 1007 600 1069 per
622 1005 748 1050 annum
774 986 878 1049 Priori
900 986 944 1050 de
967 983 1168 1048 Bernewelle
1191 983 1275 1048 ‚xii.

167 1087 300 1152 solidos.

326 1236 379 1314 98.
422 1234 475 1298 De
496 1236 561 1300 viis
583 1234 622 1298 de
647 1233 825 1301 Cestretone
845 1233 1001 1298 contencio
1022 1255 1115 1298 noua.

232 1378 315 1443 Tres
330 1380 484 1444 homines
500 1381 542 1444 de
559 1379 764 1457 Cestretone,
779 1382 887 1445 tocius
901 1380 1050 1444 eiusdem
1063 1380 1140 1444 ville
1156 1389 1273 1462 poten·
1287 1383 1433 1476 ssfflm‘

166 1484 278 1559 ciores,
299 1485 485 1567 cogitantes
510 1485 634 1549 malum
659 1495 775 1550 contra
797 1485 972 1550 dominum
995 1505 1094 1548 suum
1115 1483 1272 1560 Priorem,
1285 1485 1434 1577 rcum?

166 1588 250 1650 inito
273 1588 358 1652 inter
380 1609 416 1652 se
438 1590 578 1653 consilio
600 1600 783 1672 posuerunt
806 1591 931 1654 bestias
953 1610 1030 1653 suas
1053 1588 1086 1651 in
1110 1588 1271 1652 cheminis
1284 1585 1438 1688 {flffiffi

165 1693 208 1756 ad
232 1695 437 1777 pascendum
461 1694 609 1770 herbam,
629 1693 778 1759 dicentes
801 1695 892 1777 quod
917 1696 970 1758 uie
993 1693 1047 1757 ille
1069 1693 1178 1757 solent
1198 1713 1271 1756 esse
1283 1686 1410 1785 ffgeffi'·

165 1816 359 1860 communes
375 1807 409 1859 et
424 1816 497 1859 esse
513 1797 675 1861 deberent
686 1798 729 1861 de
741 1797 824 1880 jure.
857 1797 951 1860 Prior
961 1807 1075 1860 tamen
1088 1817 1108 1860 a
1119 1805 1270 1879 tempore
1283 1785 1432 1879 ffiffifflssff

164 1920 232 1983 quo
253 1920 319 1963 non
340 1911 437 1966 extat
454 1902 613 1965 memoria
629 1921 761 1986 semper
778 1901 916 1966 herbam
932 1899 1024 1964 illam
1041 1901 1201 1977 uendidit,
1216 1901 1269 1965 uel
1284 1886 1402 1978 ῗξέἷῗὲψ

164 2003 300 2085 quando
326 2003 433 2068 uoluit
459 2025 535 2068 cum
563 2004 679 2087 bestijs
705 2007 773 2069 suis
796 2005 938 2089 propriis
960 2025 1034 2069 eam
1058 2006 1268 2089 depascebat
1282 1985 1434 2088 maim,

165 2108 220 2170 Ex
243 2117 401 2190 precepto
422 2108 522 2191 igitur
539 2109 711 2172 senescalli
728 2129 855 2172 messor
869 2109 999 2191 fugauit
1014 2107 1138 2172 bestias
1153 2129 1267 2172 eorum
1282 2087 1406 2188 {ffl‘ah

164 2232 269 2294 usque
291 2213 323 2276 in
340 2212 463 2289 villam,
479 2233 619 2276 monens
640 2234 697 2277 eos
718 2234 760 2278 ne
781 2214 901 2278 iterum
923 2213 1076 2277 uenirent
1096 2213 1130 2276 in
1150 2213 1268 2296 damp
1280 2188 1383 2280 hill?

163 2336 244 2380 num
267 2317 395 2380 Prioris.
442 2317 510 2382 Sed
532 2318 594 2399 ipsi
616 2317 852 2381 nichilominus
867 2318 987 2380 iterum
1003 2316 1127 2380 bestias
1142 2337 1219 2380 suas
1234 2317 1267 2380 in

163 2420 289 2484 eisdem
312 2420 375 2502 uijs
397 2422 502 2485 teneri
523 2431 742 2505 preceperunt
757 2422 892 2486 volente
914 2421 1027 2485 Priore
1046 2441 1104 2484 seu
1126 2422 1271 2499 nolente,

162 2527 336 2590 credentes
352 2525 443 2608 quod
460 2526 553 2589 Prior
568 2546 634 2588 non
652 2526 790 2591 auderet
805 2527 930 2591 bestias
946 2528 1117 2609 inparcare
1133 2536 1270 2609 propter

163 2633 347 2695 aduentum
370 2631 627 2714 justiciariorum
644 2633 887 2697 itinerancium.
933 2631 1000 2697 Sed
1017 2631 1118 2707 Prior,
1133 2633 1269 2714 cognita

161 2757 275 2802 eorum
298 2737 440 2815 malicia,
455 2739 534 2801 lecit
554 2737 678 2802 bestias
699 2759 814 2802 eorum
836 2737 1010 2820 inparcari,
1026 2746 1060 2800 et
1075 2737 1180 2800 teneri
1196 2736 1268 2799 sine

160 2842 236 2904 cibo
255 2853 290 2905 et
310 2841 382 2904 sine
403 2850 484 2924 potu
506 2861 681 2925 quousque
703 2840 802 2906 ualde
822 2840 992 2905 humiliter
1012 2859 1127 2904 eorum
1143 2838 1266 2903 delibe-

162 2947 329 3010 racionem
347 2957 500 3028 peterent
516 2957 641 3010 etcum
658 2945 802 3010 lacrimis
818 2945 963 3027 quidem.
1002 2943 1070 3010 Sed
1086 2953 1266 3026 antequam

160 3050 377 3115 senescallus'
403 3050 511 3115 facere
537 3051 817 3116 deliberacionem
846 3051 952 3114 uoluit
982 3047 1122 3132 quilibet
1152 3068 1266 3111 eorum

160 3155 261 3219 trium
285 3156 397 3239 posuit
420 3177 455 3219 se
477 3157 509 3219 in
532 3157 759 3221 misericordia
780 3156 902 3219 Prioris
922 3155 965 3219 de
985 3153 1125 3218 dimidia
1147 3173 1266 3229 marca,

159 3259 222 3323 hoc
253 3259 426 3338 addentes,
452 3259 542 3342 quod
574 3262 601 3323 si
632 3262 674 3324 de
704 3269 817 3324 cetero
843 3261 995 3323 uenirent
1020 3259 1054 3321 in
1080 3256 1266 3340 dampnum

160 3364 288 3440 Prioris,
305 3366 396 3447 quod
418 3365 619 3429 senescallus
640 3367 838 3429 amerciaret
859 3384 917 3428 eos
932 3364 975 3427 ad
992 3363 1152 3446 placitum
1168 3383 1265 3426 suum

160 3477 220 3531 etc.
278 3468 351 3531 Hec
381 3478 459 3531 sunt
486 3488 601 3531 eorum
629 3468 787 3532 nomina:
817 3468 973 3531 dominus
998 3465 1049 3530 W.
1073 3465 1105 3529 le
1130 3465 1266 3548 Moyne,

161 3571 329 3634 Robertus
351 3571 394 3635 de
419 3571 591 3650 Houtone,
614 3581 648 3636 et
670 3571 817 3654 Jacobus
840 3573 883 3635 de
907 3571 1061 3634 Histone

501 3807 552 3873 99.
597 3789 650 3854 De
670 3789 919 3856 Elemosinarria

225 3936 485 4001 Elemosinarius
506 3937 549 4001 de
569 3937 770 4002 Bernewelle
786 3939 868 4001 emit
883 3959 983 4002 vnam
1001 3959 1111 4002 acram
1128 3949 1213 4002 terre
1229 3949 1262 4003 et
1275 3939 1395 4034 ffffiss

156 4059 258 4102 vnam
285 4059 395 4102 acram
423 4041 509 4123 prati
537 4040 569 4102 in
599 4039 681 4105 Toft
706 4040 749 4104 de
772 4040 944 4105 Willelmo
967 4040 997 4104 le
1022 4040 1138 4106 Chauf.
1184 4039 1263 4122 Quo
1274 4041 1410 4133 ξζξξξξω

155 4176 199 4226 the
213 4176 386 4227 architectural
401 4179 588 4227 nomenclature
602 4178 632 4227 oi
645 4179 688 4229 the
700 4178 797 4228 Middle
810 4181 888 4243 Ager.
922 4179 978 4229 The
990 4179 1115 4229 existence
1126 4179 1156 4229 oi
1167 4196 1183 4228 a
1194 4180 1262 4245 large

155 4275 226 4310 room
246 4259 274 4308 of
291 4258 340 4308 this
352 4260 504 4325 description
523 4261 549 4310 in
566 4277 582 4310 a
597 4261 676 4313 house
693 4263 777 4312 would
793 4263 826 4312 be
842 4263 978 4328 important
993 4263 1093 4328 enough
1110 4272 1137 4313 to
1153 4264 1262 4314 demand

154 4343 248 4409 special
260 4343 350 4393 notice.

232 4424 377 4477 ¹Seenote
389 4443 403 4476 r
415 4443 449 4478 on
461 4429 578 4493 previous
588 4445 661 4495 pege.
787 4428 1118 4494 'senesmllusantequam
1132 4429 1190 4479 MS.
