3234 5059
350 364 424 451 306
702 358 864 434 Tonants
891 358 931 432 in
956 359 1106 435 Barton
1338 356 1456 457 [soon

418 546 504 610 Item
534 545 710 611 heredibus
746 546 910 629 Johannis
941 547 1060 611 Russei
1091 548 1135 612 ad
1167 547 1289 612 Natale
1321 546 1458 611 Domini

350 646 379 731 .j.
394 648 590 714 denarium¹.

416 751 561 834 Johanni
576 752 645 817 tilio
660 752 819 818 Gilemini
834 752 876 835 .ij.
892 752 1053 817 denarios.

418 864 505 929 Item
535 864 705 929 Willelmo
734 865 765 929 le
795 865 886 929 Lord
917 866 960 929 ad
990 864 1165 929 seruicium
1196 864 1324 929 domini
1356 862 1458 945 Regis

295 1035 298 1041 ,
351 966 391 1051 .ij.
414 967 577 1033 denarios.

418 1073 504 1137 Item
529 1072 671 1156 Symoni
693 1074 737 1138 de
760 1074 832 1138 Len
855 1094 917 1157 pro
939 1084 1026 1139 terra
1048 1073 1211 1157 Johannis
1234 1073 1265 1138 le
1285 1072 1383 1140 Child
1400 1091 1460 1155 per

352 1195 477 1240 annum
501 1176 543 1241 ad
569 1176 698 1242 Pascha
719 1174 866 1241 obolum.

657 1280 799 1347 Summa
814 1303 851 1346 .v.
868 1281 951 1346 libre
966 1280 1055 1363 .xvij.
1071 1280 1169 1345 solidi
1185 1281 1247 1364 .vij.
1263 1280 1389 1345 denarii
1406 1278 1459 1343 ob.

419 1384 615 1451 Memoriter
633 1386 845 1451 retinendum
866 1387 956 1471 quod
979 1386 1072 1451 Prior
1091 1385 1134 1450 de
1150 1384 1350 1451 Bemewelle
1366 1393 1459 1448 tenet

351 1498 386 1554 et
400 1488 552 1553 defendit
567 1488 701 1555 ieodum
713 1490 810 1555 vnius
823 1489 936 1555 militis
950 1490 983 1553 in
995 1490 1073 1553 villa
1087 1489 1131 1553 de
1144 1490 1286 1554 Bertone
1300 1491 1345 1554 de
1360 1488 1459 1553 leodo

352 1592 523 1676 quondam
544 1593 674 1658 domini
695 1594 884 1659 Alexandri
906 1594 950 1658 de
971 1594 1159 1671 Andeuilte,
1174 1594 1270 1671 vnde,
1286 1594 1458 1676 quociens-

352 1717 496 1780 cumque
525 1698 712 1781 scutagium
739 1700 841 1764 currit
869 1698 1068 1783 generaliter
1099 1699 1190 1763 Prior
1214 1699 1392 1783 respondet
1416 1696 1460 1762 de

352 1800 504 1884 scutagio
518 1821 580 1884 pro
590 1822 658 1866 vno
670 1802 769 1867 feodo
780 1801 957 1866 heredibus
971 1804 1111 1886 predicti
1123 1803 1250 1868 domini
1262 1802 1460 1869 Alexandri.

355 1903 502 1989 Quando
531 1906 631 1988 igitur
660 1908 847 1991 scutagium
878 1908 1030 1971 currebat
1060 1907 1102 1971 ad
1133 1907 1187 1971 .xl.
1218 1908 1342 1972 solidos
1368 1908 1461 1971 Prior

237 2012 255 2064 t
272 2004 500 2083 17rbreddidit
521 2027 580 2088 per
599 2026 736 2070 manum
752 2026 847 2070 suam
862 2006 917 2071 .xl.
934 2006 1058 2071 solidos
1077 2006 1253 2071 heredibus
1268 2007 1461 2089 prenotatis,

356 2108 414 2173 sed
445 2130 602 2192 magnam
634 2121 761 2193 partem
793 2111 871 2176 inde
897 2112 1022 2176 leuauit
1046 2113 1089 2176 de
1112 2112 1304 2178 tenentibus
1333 2114 1401 2176 suis
1425 2114 1459 2175 in

354 2212 472 2277 eadem
496 2212 575 2276 villa
596 2214 639 2278 de
662 2215 808 2279 Bertonc
830 2234 971 2299 quorum
996 2216 1132 2281 nomina
1161 2218 1347 2301 subscripta
1373 2228 1461 2295 sunt,

354 2314 509 2380 videlicet
520 2339 527 2379 ε

532 2480 578 2535 De
592 2480 716 2551 Hugone
729 2481 859 2551 Fleming
1048 2483 1083 2553 .ij.
1097 2484 1212 2539 solidos.

530 2570 576 2623 De
588 2578 750 2625 tenemento
762 2570 900 2639 Johannis
913 2572 940 2626 le
953 2572 1037 2627 Child
1050 2571 1134 2641 .iiij.d.

533 2658 579 2713 De
594 2660 756 2728 Margareta
768 2660 794 2713 le
808 2660 925 2715 Cartere
1049 2660 1084 2731 .ij.
1099 2660 1213 2717 solidos.

531 2747 577 2802 De
589 2748 702 2816 Agneta
714 2748 741 2802 le
752 2748 870 2803 Tannur
1046 2748 1083 2819 .ij.
1097 2747 1236 2804 denarios.

532 2836 578 2889 De
590 2835 723 2891 Ysabella
735 2836 771 2891 de
782 2836 885 2892 Thane
1050 2836 1114 2907 ⁸uiij.
1128 2836 1266 2894 denarios.

532 2923 578 2977 De
592 2921 714 2977 Ricardo
729 2923 886 2978 Passeuant
1045 2923 1101 2995 .iiit
1115 2925 1254 2980 denarios.

532 3009 578 3063 De
592 3010 718 3065 Roberto
730 3012 912 3081 Torcheneys
1045 3012 1070 3082 .j.
1084 3012 1231 3067 denarium
1245 3014 1289 3069 oin

533 3097 579 3153 De
590 3098 721 3168 Johanne
735 3098 856 3153 Lambin
1045 3101 1081 3169 .ij.
1095 3100 1234 3156 denarios.

533 3186 579 3239 De
593 3186 706 3255 Rogero
719 3188 872 3255 Attegrene
1043 3186 1069 3257 .j.
1083 3188 1237 3243 denarium.

533 3273 578 3327 De
591 3272 732 3328 Edwardo
744 3274 771 3328 le
784 3274 899 3328 Camere
1040 3274 1066 3344 .j.
1080 3275 1228 3330 denarium
1239 3276 1284 3331 ob.

533 3360 578 3414 De
590 3361 721 3429 Johanne
733 3360 769 3415 de
783 3360 915 3416 Gerunde
1039 3362 1075 3432 .ij.
1089 3362 1202 3417 solidos.

532 3450 578 3503 De
590 3450 703 3519 Agneta
713 3447 740 3504 le
753 3450 859 3519 Taylur
1039 3468 1073 3505 .v.
1087 3451 1200 3505 solidos

476 3604 481 3615 ,
533 3537 579 3591 De
591 3536 735 3592 willelmo
747 3536 832 3593 Weld
1037 3538 1118 3609 .xviij.
1131 3539 1271 3595 denarios.

533 3627 579 3681 De
593 3624 716 3681 Ricardo
730 3627 887 3683 Passeuant
1036 3628 1079 3683 .ix.
1093 3628 1232 3684 denarios.

534 3715 580 3769 De
593 3714 713 3769 Mabilia
725 3716 761 3770 de
775 3715 916 3787 Wynepol
1033 3757 1040 3770 .

533 3802 883 3873 DeJohanneAuriiabro
1036 3803 1093 3875 .iiij.
1107 3806 1238 3861 denarios
1250 3806 1295 3860 ob.

533 3892 579 3946 De
593 3892 735 3963 Mar-geria
747 3894 784 3949 de
798 3893 934 3949 Lineolne
1031 3894 1084 3965 .xij.
1098 3894 1236 3951 denarios.

533 3980 580 4033 De
592 3980 705 4035 Thoma
716 3981 743 4035 le
757 3982 863 4035 Bretun
1027 3983 1089 4052 .xxj.
1102 3982 1241 4037 denarios.

534 4066 580 4123 De
591 4067 703 4122 Thema
716 4068 864 4123 Hodierne
1028 4069 1074 4140 .iij.
1087 4069 1225 4124 denarios

1104 4174 1243 4240 Summa
1261 4178 1340 4240 .xix.
1358 4177 1462 4243 solidi.

756 4344 765 4375 ¹
784 4346 877 4398 Scored
890 4347 1004 4412 thmugh.
