<?xml version="1.0" encoding="UTF-8"?>
<!DOCTYPE html PUBLIC "-//W3C//DTD XHTML 1.0 Transitional//EN"
    "http://www.w3.org/TR/xhtml1/DTD/xhtml1-transitional.dtd">
<html xmlns="http://www.w3.org/1999/xhtml" xml:lang="en" lang="en">
 <head>
  <title>
</title>
<meta http-equiv="Content-Type" content="text/html;charset=utf-8" />
  <meta name='ocr-system' content='tesseract 3.04.00' />
  <meta name='ocr-capabilities' content='ocr_page ocr_carea ocr_par ocr_line ocrx_word'/>
</head>
<body>
  <div class='ocr_page' id='page_1' title='image "./libermemorandor00clargoog/libermemorandor00clargoog_0288.png"; bbox 0 0 3234 5059; ppageno 0'>
   <div class='ocr_carea' id='block_1_1' title="bbox 340 334 1440 437">
    <p class='ocr_par' dir='ltr' id='par_1_1' title="bbox 340 334 1440 437">
     <span class='ocr_line' id='line_1_1' title="bbox 340 334 1440 437; baseline 0.004 -30"><span class='ocrx_word' id='word_1_1' title='bbox 340 359 412 409; x_wconf 90' lang='lat'>220</span> <span class='ocrx_word' id='word_1_2' title='bbox 462 334 565 409; x_wconf 75' lang='lat' dir='ltr'>Horu</span> <span class='ocrx_word' id='word_1_3' title='bbox 590 334 649 407; x_wconf 79' lang='lat' dir='ltr'>tlte</span> <span class='ocrx_word' id='word_1_4' title='bbox 675 342 784 407; x_wconf 76' lang='lat' dir='ltr'>lower</span> <span class='ocrx_word' id='word_1_5' title='bbox 810 336 893 408; x_wconf 81' lang='lat' dir='ltr'>and</span> <span class='ocrx_word' id='word_1_6' title='bbox 911 336 1021 433; x_wconf 82' lang='lat' dir='ltr'>quire</span> <span class='ocrx_word' id='word_1_7' title='bbox 1047 362 1143 411; x_wconf 84' lang='lat' dir='ltr'>were</span> <span class='ocrx_word' id='word_1_8' title='bbox 1169 338 1282 411; x_wconf 71' lang='lat' dir='ltr'>burne</span> <span class='ocrx_word' id='word_1_9' title='bbox 1321 337 1440 437; x_wconf 77' lang='lat' dir='ltr'>[soon</span> 
     </span>
    </p>
   </div>
   <div class='ocr_carea' id='block_1_2' title="bbox 335 520 1442 767">
    <p class='ocr_par' dir='ltr' id='par_1_2' title="bbox 335 520 1442 767">
     <span class='ocr_line' id='line_1_2' title="bbox 391 520 1441 595; baseline 0.006 -22"><span class='ocrx_word' id='word_1_10' title='bbox 391 520 498 575; x_wconf 87' lang='lat' dir='ltr'>Datum</span> <span class='ocrx_word' id='word_1_11' title='bbox 522 528 551 575; x_wconf 90' lang='lat' dir='ltr'>et</span> <span class='ocrx_word' id='word_1_12' title='bbox 575 528 670 575; x_wconf 85' lang='lat' dir='ltr'>actum</span> <span class='ocrx_word' id='word_1_13' title='bbox 696 520 878 590; x_wconf 78' lang='lat' dir='ltr'>Cantebrigie</span> <span class='ocrx_word' id='word_1_14' title='bbox 902 521 931 576; x_wconf 91' lang='lat' dir='ltr'>in</span> <span class='ocrx_word' id='word_1_15' title='bbox 959 522 1042 593; x_wconf 88' lang='lat' dir='ltr'>pleno</span> <span class='ocrx_word' id='word_1_16' title='bbox 1067 523 1120 579; x_wconf 92' lang='lat' dir='ltr'>loci</span> <span class='ocrx_word' id='word_1_17' title='bbox 1145 524 1268 595; x_wconf 91' lang='lat' dir='ltr'>capitulo</span> <span class='ocrx_word' id='word_1_18' title='bbox 1293 525 1339 580; x_wconf 91' lang='lat' dir='ltr'>die</span> <span class='ocrx_word' id='word_1_19' title='bbox 1362 525 1441 595; x_wconf 91' lang='lat' dir='ltr'>Jouis</span> 
     </span>
     <span class='ocr_line' id='line_1_3' title="bbox 336 605 1442 681; baseline 0.005 -20"><span class='ocrx_word' id='word_1_20' title='bbox 336 605 462 678; x_wconf 87' lang='lat' dir='ltr'>proxima</span> <span class='ocrx_word' id='word_1_21' title='bbox 487 617 552 679; x_wconf 92' lang='lat' dir='ltr'>post</span> <span class='ocrx_word' id='word_1_22' title='bbox 570 607 674 662; x_wconf 82' lang='lat' dir='ltr'>festum</span> <span class='ocrx_word' id='word_1_23' title='bbox 699 606 794 663; x_wconf 85' lang='lat' dir='ltr'>Sancti</span> <span class='ocrx_word' id='word_1_24' title='bbox 817 607 956 677; x_wconf 89' lang='lat' dir='ltr'>Johannis</span> <span class='ocrx_word' id='word_1_25' title='bbox 977 620 1044 665; x_wconf 83' lang='lat' dir='ltr'>ante</span> <span class='ocrx_word' id='word_1_26' title='bbox 1068 619 1179 681; x_wconf 78' lang='lat' dir='ltr'>ponam</span> <span class='ocrx_word' id='word_1_27' title='bbox 1205 611 1344 680; x_wconf 81' lang='lat' dir='ltr'>Latinam,</span> <span class='ocrx_word' id='word_1_28' title='bbox 1365 630 1442 669; x_wconf 90' lang='lat' dir='ltr'>anno</span> 
     </span>
     <span class='ocr_line' id='line_1_4' title="bbox 335 694 779 767; baseline -0.002 -18"><span class='ocrx_word' id='word_1_29' title='bbox 335 694 429 765; x_wconf 85' lang='lat' dir='ltr'>gracie</span> <span class='ocrx_word' id='word_1_30' title='bbox 442 696 636 751; x_wconf 80' lang='lat' dir='ltr'>.m⁰.cc⁰.lxior⁰.</span> <span class='ocrx_word' id='word_1_31' title='bbox 651 694 779 767; x_wconf 83' lang='lat' dir='ltr'>septimo.</span> 
     </span>
    </p>
   </div>
   <div class='ocr_carea' id='block_1_3' title="bbox 516 1023 1265 1093">
    <p class='ocr_par' dir='ltr' id='par_1_3' title="bbox 516 1023 1265 1093">
     <span class='ocr_line' id='line_1_5' title="bbox 516 1023 1265 1093; baseline 0.009 -7"><span class='ocrx_word' id='word_1_32' title='bbox 516 1025 565 1088; x_wconf 89' lang='lat'>26.</span> <span class='ocrx_word' id='word_1_33' title='bbox 610 1024 662 1087; x_wconf 79' lang='lat' dir='ltr'>De</span> <span class='ocrx_word' id='word_1_34' title='bbox 683 1023 826 1089; x_wconf 71' lang='lat' dir='ltr'>incendio</span> <span class='ocrx_word' id='word_1_35' title='bbox 848 1026 988 1090; x_wconf 73' lang='lat' dir='ltr'>Ecclesia</span> <span class='ocrx_word' id='word_1_36' title='bbox 1007 1026 1046 1090; x_wconf 75' lang='lat' dir='ltr'>de</span> <span class='ocrx_word' id='word_1_37' title='bbox 1067 1026 1265 1093; x_wconf 75' lang='lat' dir='ltr'>Berircwelle.</span> 
     </span>
    </p>
   </div>
   <div class='ocr_carea' id='block_1_4' title="bbox 177 1182 1441 1292">
    <p class='ocr_par' dir='ltr' id='par_1_4' title="bbox 177 1182 1441 1292">
     <span class='ocr_line' id='line_1_6' title="bbox 177 1182 1441 1292; baseline 0.011 -53"><span class='ocrx_word' id='word_1_38' title='bbox 177 1190 294 1292; x_wconf 50' lang='lat' dir='ltr'>ggpqthe</span> <span class='ocrx_word' id='word_1_39' title='bbox 403 1182 506 1248; x_wconf 83' lang='lat' dir='ltr'>Anno</span> <span class='ocrx_word' id='word_1_40' title='bbox 535 1184 578 1249; x_wconf 97' lang='lat' dir='ltr'>ab</span> <span class='ocrx_word' id='word_1_41' title='bbox 608 1184 841 1248; x_wconf 84' lang='lat' dir='ltr'>incarnacione</span> <span class='ocrx_word' id='word_1_42' title='bbox 866 1184 994 1249; x_wconf 89' lang='lat' dir='ltr'>domini</span> <span class='ocrx_word' id='word_1_43' title='bbox 1021 1198 1086 1251; x_wconf 90' lang='lat' dir='ltr'>.m⁰.</span> <span class='ocrx_word' id='word_1_44' title='bbox 1110 1199 1169 1251; x_wconf 85' lang='lat' dir='ltr'>cc0.</span> <span class='ocrx_word' id='word_1_45' title='bbox 1194 1186 1361 1269; x_wconf 68' lang='lat' dir='ltr'>lxxxvije,</span> <span class='ocrx_word' id='word_1_46' title='bbox 1387 1188 1441 1250; x_wconf 89' lang='lat' dir='ltr'>die</span> 
     </span>
    </p>
   </div>
   <div class='ocr_carea' id='block_1_5' title="bbox 175 1286 1441 1384">
    <p class='ocr_par' dir='ltr' id='par_1_5' title="bbox 175 1286 1441 1384">
     <span class='ocr_line' id='line_1_7' title="bbox 175 1286 1441 1384; baseline -0.002 -29"><span class='ocrx_word' id='word_1_47' title='bbox 175 1290 318 1384; x_wconf 53' lang='lat' dir='ltr'>32¹2an</span> <span class='ocrx_word' id='word_1_48' title='bbox 339 1286 454 1351; x_wconf 88' lang='lat' dir='ltr'>Sancti</span> <span class='ocrx_word' id='word_1_49' title='bbox 483 1287 583 1370; x_wconf 88' lang='lat' dir='ltr'>Blasij</span> <span class='ocrx_word' id='word_1_50' title='bbox 608 1288 766 1371; x_wconf 88' lang='lat' dir='ltr'>episcopi,</span> <span class='ocrx_word' id='word_1_51' title='bbox 789 1298 867 1371; x_wconf 93' lang='lat' dir='ltr'>post</span> <span class='ocrx_word' id='word_1_52' title='bbox 889 1287 969 1352; x_wconf 89' lang='lat' dir='ltr'>solis</span> <span class='ocrx_word' id='word_1_53' title='bbox 995 1311 1160 1367; x_wconf 89' lang='lat' dir='ltr'>occasum,</span> <span class='ocrx_word' id='word_1_54' title='bbox 1186 1290 1266 1355; x_wconf 91' lang='lat' dir='ltr'>dum</span> <span class='ocrx_word' id='word_1_55' title='bbox 1291 1291 1441 1357; x_wconf 90' lang='lat' dir='ltr'>canonici</span> 
     </span>
    </p>
   </div>
   <div class='ocr_carea' id='block_1_6' title="bbox 175 1391 1517 3987">
    <p class='ocr_par' dir='ltr' id='par_1_6' title="bbox 175 1391 1442 1899">
     <span class='ocr_line' id='line_1_8' title="bbox 175 1391 1441 1494; baseline 0.005 -41"><span class='ocrx_word' id='word_1_56' title='bbox 175 1392 319 1494; x_wconf 48' lang='lat' dir='ltr'>{³553ssss</span> <span class='ocrx_word' id='word_1_57' title='bbox 337 1391 519 1457; x_wconf 83' lang='lat' dir='ltr'>cantabant</span> <span class='ocrx_word' id='word_1_58' title='bbox 534 1392 798 1476; x_wconf 88' lang='lat' dir='ltr'>completorium,</span> <span class='ocrx_word' id='word_1_59' title='bbox 813 1394 880 1456; x_wconf 90' lang='lat' dir='ltr'>iarn</span> <span class='ocrx_word' id='word_1_60' title='bbox 897 1396 970 1457; x_wconf 85' lang='lat' dir='ltr'>orta</span> <span class='ocrx_word' id='word_1_61' title='bbox 986 1404 1185 1478; x_wconf 84' lang='lat' dir='ltr'>tempestate</span> <span class='ocrx_word' id='word_1_62' title='bbox 1203 1396 1314 1459; x_wconf 90' lang='lat' dir='ltr'>valida</span> <span class='ocrx_word' id='word_1_63' title='bbox 1334 1395 1441 1459; x_wconf 85' lang='lat' dir='ltr'>factus</span> 
     </span>
     <span class='ocr_line' id='line_1_9' title="bbox 337 1496 1442 1584; baseline 0.004 -25"><span class='ocrx_word' id='word_1_64' title='bbox 337 1505 388 1559; x_wconf 93' lang='lat' dir='ltr'>est</span> <span class='ocrx_word' id='word_1_65' title='bbox 405 1496 560 1561; x_wconf 87' lang='lat' dir='ltr'>terribilis</span> <span class='ocrx_word' id='word_1_66' title='bbox 577 1497 661 1561; x_wconf 89' lang='lat' dir='ltr'>ictus</span> <span class='ocrx_word' id='word_1_67' title='bbox 673 1499 880 1563; x_wconf 92' lang='lat' dir='ltr'>descendens</span> <span class='ocrx_word' id='word_1_68' title='bbox 896 1520 997 1582; x_wconf 89' lang='lat' dir='ltr'>super</span> <span class='ocrx_word' id='word_1_69' title='bbox 1010 1502 1239 1565; x_wconf 86' lang='lat' dir='ltr'>summitatem</span> <span class='ocrx_word' id='word_1_70' title='bbox 1256 1502 1442 1584; x_wconf 89' lang='lat' dir='ltr'>crucisque</span> 
     </span>
     <span class='ocr_line' id='line_1_10' title="bbox 337 1602 1441 1690; baseline 0.004 -25"><span class='ocrx_word' id='word_1_71' title='bbox 337 1612 408 1665; x_wconf 89' lang='lat' dir='ltr'>erat</span> <span class='ocrx_word' id='word_1_72' title='bbox 438 1623 537 1685; x_wconf 90' lang='lat' dir='ltr'>super</span> <span class='ocrx_word' id='word_1_73' title='bbox 566 1602 776 1667; x_wconf 88' lang='lat' dir='ltr'>altitudinem</span> <span class='ocrx_word' id='word_1_74' title='bbox 809 1605 916 1681; x_wconf 89' lang='lat' dir='ltr'>turris,</span> <span class='ocrx_word' id='word_1_75' title='bbox 945 1616 980 1668; x_wconf 91' lang='lat' dir='ltr'>et</span> <span class='ocrx_word' id='word_1_76' title='bbox 1009 1605 1123 1669; x_wconf 88' lang='lat' dir='ltr'>statim</span> <span class='ocrx_word' id='word_1_77' title='bbox 1154 1606 1262 1670; x_wconf 87' lang='lat' dir='ltr'>exiuit</span> <span class='ocrx_word' id='word_1_78' title='bbox 1291 1607 1377 1690; x_wconf 87' lang='lat' dir='ltr'>ignis</span> <span class='ocrx_word' id='word_1_79' title='bbox 1408 1607 1441 1669; x_wconf 91' lang='lat' dir='ltr'>in</span> 
     </span>
     <span class='ocr_line' id='line_1_11' title="bbox 336 1705 1439 1790; baseline 0.004 -21"><span class='ocrx_word' id='word_1_80' title='bbox 336 1715 469 1770; x_wconf 89' lang='lat' dir='ltr'>tanturn</span> <span class='ocrx_word' id='word_1_81' title='bbox 493 1705 582 1788; x_wconf 93' lang='lat' dir='ltr'>quod</span> <span class='ocrx_word' id='word_1_82' title='bbox 606 1706 700 1790; x_wconf 89' lang='lat' dir='ltr'>quasi</span> <span class='ocrx_word' id='word_1_83' title='bbox 724 1727 826 1790; x_wconf 90' lang='lat' dir='ltr'>poma</span> <span class='ocrx_word' id='word_1_84' title='bbox 848 1728 948 1771; x_wconf 87' lang='lat' dir='ltr'>aurea</span> <span class='ocrx_word' id='word_1_85' title='bbox 971 1707 1220 1773; x_wconf 88' lang='lat' dir='ltr'>descendebant</span> <span class='ocrx_word' id='word_1_86' title='bbox 1240 1709 1384 1774; x_wconf 87' lang='lat' dir='ltr'>scintille</span> <span class='ocrx_word' id='word_1_87' title='bbox 1407 1711 1439 1773; x_wconf 93' lang='lat' dir='ltr'>in</span> 
     </span>
     <span class='ocr_line' id='line_1_12' title="bbox 339 1810 1406 1899; baseline 0.006 -26"><span class='ocrx_word' id='word_1_88' title='bbox 339 1810 450 1874; x_wconf 88' lang='lat' dir='ltr'>medio</span> <span class='ocrx_word' id='word_1_89' title='bbox 474 1811 573 1885; x_wconf 90' lang='lat' dir='ltr'>chori,</span> <span class='ocrx_word' id='word_1_90' title='bbox 598 1813 685 1875; x_wconf 92' lang='lat' dir='ltr'>vnde</span> <span class='ocrx_word' id='word_1_91' title='bbox 708 1813 858 1875; x_wconf 90' lang='lat' dir='ltr'>canonici</span> <span class='ocrx_word' id='word_1_92' title='bbox 881 1822 975 1876; x_wconf 91' lang='lat' dir='ltr'>erant</span> <span class='ocrx_word' id='word_1_93' title='bbox 999 1814 1213 1879; x_wconf 90' lang='lat' dir='ltr'>uehementer</span> <span class='ocrx_word' id='word_1_94' title='bbox 1235 1816 1406 1899; x_wconf 87' lang='lat' dir='ltr'>perterriti.</span> 
     </span>
    </p>

    <p class='ocr_par' dir='ltr' id='par_1_7' title="bbox 405 1917 1441 1999">
     <span class='ocr_line' id='line_1_13' title="bbox 405 1917 1441 1999; baseline 0.005 -20"><span class='ocrx_word' id='word_1_95' title='bbox 405 1917 484 1979; x_wconf 91' lang='lat' dir='ltr'>Post</span> <span class='ocrx_word' id='word_1_96' title='bbox 514 1917 767 1999; x_wconf 87' lang='lat' dir='ltr'>completorium</span> <span class='ocrx_word' id='word_1_97' title='bbox 800 1938 878 1981; x_wconf 90' lang='lat' dir='ltr'>uero</span> <span class='ocrx_word' id='word_1_98' title='bbox 907 1930 1071 1983; x_wconf 83' lang='lat' dir='ltr'>exeuntes</span> <span class='ocrx_word' id='word_1_99' title='bbox 1100 1920 1250 1983; x_wconf 89' lang='lat' dir='ltr'>canonici</span> <span class='ocrx_word' id='word_1_100' title='bbox 1287 1919 1441 1984; x_wconf 90' lang='lat' dir='ltr'>uiderunt</span> 
     </span>
    </p>

    <p class='ocr_par' dir='ltr' id='par_1_8' title="bbox 240 2020 1517 3987">
     <span class='ocr_line' id='line_1_14' title="bbox 240 2020 1440 2108; baseline 0.003 -25"><span class='ocrx_word' id='word_1_101' title='bbox 240 2032 255 2083; x_wconf 83' lang='lat' dir='ltr'>t</span> <span class='ocrx_word' id='word_1_102' title='bbox 272 2034 327 2095; x_wconf 85' lang='lat' dir='ltr'>84b</span> <span class='ocrx_word' id='word_1_103' title='bbox 339 2020 499 2085; x_wconf 88' lang='lat' dir='ltr'>scintillas</span> <span class='ocrx_word' id='word_1_104' title='bbox 515 2021 667 2086; x_wconf 91' lang='lat' dir='ltr'>uolantes</span> <span class='ocrx_word' id='word_1_105' title='bbox 683 2044 703 2085; x_wconf 91' lang='lat' dir='ltr'>a</span> <span class='ocrx_word' id='word_1_106' title='bbox 719 2024 913 2087; x_wconf 89' lang='lat' dir='ltr'>summitate</span> <span class='ocrx_word' id='word_1_107' title='bbox 927 2024 1042 2101; x_wconf 88' lang='lat' dir='ltr'>crucis,</span> <span class='ocrx_word' id='word_1_108' title='bbox 1059 2027 1145 2089; x_wconf 89' lang='lat' dir='ltr'>vnde</span> <span class='ocrx_word' id='word_1_109' title='bbox 1161 2026 1271 2108; x_wconf 92' lang='lat' dir='ltr'>plures</span> <span class='ocrx_word' id='word_1_110' title='bbox 1291 2024 1440 2089; x_wconf 89' lang='lat' dir='ltr'>canonici</span> 
     </span>
     <span class='ocr_line' id='line_1_15' title="bbox 339 2128 1441 2211; baseline 0.004 -21"><span class='ocrx_word' id='word_1_111' title='bbox 339 2136 373 2190; x_wconf 90' lang='lat' dir='ltr'>et</span> <span class='ocrx_word' id='word_1_112' title='bbox 382 2128 545 2191; x_wconf 87' lang='lat' dir='ltr'>seculares</span> <span class='ocrx_word' id='word_1_113' title='bbox 555 2128 771 2191; x_wconf 90' lang='lat' dir='ltr'>ascendentes</span> <span class='ocrx_word' id='word_1_114' title='bbox 782 2128 919 2192; x_wconf 90' lang='lat' dir='ltr'>interius</span> <span class='ocrx_word' id='word_1_115' title='bbox 930 2148 1034 2211; x_wconf 91' lang='lat' dir='ltr'>usque</span> <span class='ocrx_word' id='word_1_116' title='bbox 1044 2130 1087 2193; x_wconf 88' lang='lat' dir='ltr'>ad</span> <span class='ocrx_word' id='word_1_117' title='bbox 1097 2130 1324 2193; x_wconf 89' lang='lat' dir='ltr'>summitatem</span> <span class='ocrx_word' id='word_1_118' title='bbox 1335 2130 1441 2206; x_wconf 88' lang='lat' dir='ltr'>turris,</span> 
     </span>
     <span class='ocr_line' id='line_1_16' title="bbox 340 2230 1442 2317; baseline 0.005 -24"><span class='ocrx_word' id='word_1_119' title='bbox 340 2230 439 2295; x_wconf 91' lang='lat' dir='ltr'>nichil</span> <span class='ocrx_word' id='word_1_120' title='bbox 470 2230 593 2294; x_wconf 87' lang='lat' dir='ltr'>ibidem</span> <span class='ocrx_word' id='word_1_121' title='bbox 626 2231 705 2295; x_wconf 88' lang='lat' dir='ltr'>mali</span> <span class='ocrx_word' id='word_1_122' title='bbox 737 2233 943 2309; x_wconf 90' lang='lat' dir='ltr'>inuenerunt,</span> <span class='ocrx_word' id='word_1_123' title='bbox 970 2233 1049 2314; x_wconf 90' lang='lat' dir='ltr'>quia</span> <span class='ocrx_word' id='word_1_124' title='bbox 1080 2232 1234 2297; x_wconf 88' lang='lat' dir='ltr'>uidelicet</span> <span class='ocrx_word' id='word_1_125' title='bbox 1258 2234 1344 2317; x_wconf 87' lang='lat' dir='ltr'>ignis</span> <span class='ocrx_word' id='word_1_126' title='bbox 1371 2244 1442 2298; x_wconf 89' lang='lat' dir='ltr'>erat</span> 
     </span>
     <span class='ocr_line' id='line_1_17' title="bbox 340 2336 1442 2419; baseline 0.005 -22"><span class='ocrx_word' id='word_1_127' title='bbox 340 2356 438 2419; x_wconf 87' lang='lat' dir='ltr'>supra</span> <span class='ocrx_word' id='word_1_128' title='bbox 454 2356 583 2399; x_wconf 89' lang='lat' dir='ltr'>crucem</span> <span class='ocrx_word' id='word_1_129' title='bbox 600 2338 757 2414; x_wconf 76' lang='lat' dir='ltr'>exteriuS,</span> <span class='ocrx_word' id='word_1_130' title='bbox 772 2348 806 2401; x_wconf 91' lang='lat' dir='ltr'>ct</span> <span class='ocrx_word' id='word_1_131' title='bbox 822 2336 1062 2401; x_wconf 90' lang='lat' dir='ltr'>descendentes</span> <span class='ocrx_word' id='word_1_132' title='bbox 1078 2339 1237 2402; x_wconf 84' lang='lat' dir='ltr'>dixerunt</span> <span class='ocrx_word' id='word_1_133' title='bbox 1253 2339 1353 2403; x_wconf 88' lang='lat' dir='ltr'>nichil</span> <span class='ocrx_word' id='word_1_134' title='bbox 1369 2361 1442 2403; x_wconf 90' lang='lat' dir='ltr'>esse</span> 
     </span>
     <span class='ocr_line' id='line_1_18' title="bbox 339 2440 1442 2526; baseline 0.004 -21"><span class='ocrx_word' id='word_1_135' title='bbox 339 2440 534 2505; x_wconf 89' lang='lat' dir='ltr'>timendum.</span> <span class='ocrx_word' id='word_1_136' title='bbox 602 2442 867 2525; x_wconf 88' lang='lat' dir='ltr'>Verumptamen</span> <span class='ocrx_word' id='word_1_137' title='bbox 909 2444 995 2525; x_wconf 89' lang='lat' dir='ltr'>ignis</span> <span class='ocrx_word' id='word_1_138' title='bbox 1036 2465 1168 2526; x_wconf 87' lang='lat' dir='ltr'>semper</span> <span class='ocrx_word' id='word_1_139' title='bbox 1208 2445 1442 2523; x_wconf 87' lang='lat' dir='ltr'>descendebat,</span> 
     </span>
     <span class='ocr_line' id='line_1_19' title="bbox 338 2546 1442 2630; baseline 0.005 -22"><span class='ocrx_word' id='word_1_140' title='bbox 338 2566 537 2609; x_wconf 88' lang='lat' dir='ltr'>consumens</span> <span class='ocrx_word' id='word_1_141' title='bbox 560 2566 689 2610; x_wconf 91' lang='lat' dir='ltr'>crucem</span> <span class='ocrx_word' id='word_1_142' title='bbox 714 2546 884 2629; x_wconf 90' lang='lat' dir='ltr'>usquead</span> <span class='ocrx_word' id='word_1_143' title='bbox 909 2546 1045 2610; x_wconf 85' lang='lat' dir='ltr'>collum¹</span> <span class='ocrx_word' id='word_1_144' title='bbox 1069 2548 1101 2610; x_wconf 92' lang='lat' dir='ltr'>in</span> <span class='ocrx_word' id='word_1_145' title='bbox 1125 2568 1192 2630; x_wconf 92' lang='lat' dir='ltr'>quo</span> <span class='ocrx_word' id='word_1_146' title='bbox 1214 2548 1271 2611; x_wconf 87' lang='lat' dir='ltr'>diu</span> <span class='ocrx_word' id='word_1_147' title='bbox 1294 2550 1442 2625; x_wconf 86' lang='lat' dir='ltr'>ardebat,</span> 
     </span>
     <span class='ocr_line' id='line_1_20' title="bbox 339 2651 1440 2737; baseline 0.005 -24"><span class='ocrx_word' id='word_1_148' title='bbox 339 2671 399 2714; x_wconf 92' lang='lat' dir='ltr'>nec</span> <span class='ocrx_word' id='word_1_149' title='bbox 415 2660 527 2713; x_wconf 90' lang='lat' dir='ltr'>tamen</span> <span class='ocrx_word' id='word_1_150' title='bbox 544 2652 691 2714; x_wconf 89' lang='lat' dir='ltr'>exterius</span> <span class='ocrx_word' id='word_1_151' title='bbox 708 2651 899 2734; x_wconf 80' lang='lat' dir='ltr'>apparebat</span> <span class='ocrx_word' id='word_1_152' title='bbox 945 2651 1046 2715; x_wconf 91' lang='lat' dir='ltr'>Vnde</span> <span class='ocrx_word' id='word_1_153' title='bbox 1061 2652 1177 2717; x_wconf 86' lang='lat' dir='ltr'>fratres</span> <span class='ocrx_word' id='word_1_154' title='bbox 1197 2653 1440 2737; x_wconf 89' lang='lat' dir='ltr'>aliquantulum</span> 
     </span>
     <span class='ocr_line' id='line_1_21' title="bbox 338 2754 1442 2840; baseline 0.003 -23"><span class='ocrx_word' id='word_1_155' title='bbox 338 2754 515 2817; x_wconf 80' lang='lat' dir='ltr'>confortati</span> <span class='ocrx_word' id='word_1_156' title='bbox 528 2754 690 2835; x_wconf 89' lang='lat' dir='ltr'>putabant</span> <span class='ocrx_word' id='word_1_157' title='bbox 704 2754 816 2837; x_wconf 88' lang='lat' dir='ltr'>ignem</span> <span class='ocrx_word' id='word_1_158' title='bbox 829 2755 1010 2819; x_wconf 88' lang='lat' dir='ltr'>euanuisse.</span> <span class='ocrx_word' id='word_1_159' title='bbox 1051 2756 1117 2821; x_wconf 90' lang='lat' dir='ltr'>Sed</span> <span class='ocrx_word' id='word_1_160' title='bbox 1131 2767 1331 2840; x_wconf 90' lang='lat' dir='ltr'>consumpto</span> <span class='ocrx_word' id='word_1_161' title='bbox 1342 2757 1442 2821; x_wconf 78' lang='lat' dir='ltr'>collo²</span> 
     </span>
     <span class='ocr_line' id='line_1_22' title="bbox 339 2858 1442 2943; baseline 0.003 -20"><span class='ocrx_word' id='word_1_162' title='bbox 339 2858 458 2924; x_wconf 90' lang='lat' dir='ltr'>cecidit</span> <span class='ocrx_word' id='word_1_163' title='bbox 474 2859 594 2923; x_wconf 85' lang='lat' dir='ltr'>ferrum</span> <span class='ocrx_word' id='word_1_164' title='bbox 611 2859 701 2942; x_wconf 93' lang='lat' dir='ltr'>quod</span> <span class='ocrx_word' id='word_1_165' title='bbox 718 2860 874 2943; x_wconf 89' lang='lat' dir='ltr'>portabat</span> <span class='ocrx_word' id='word_1_166' title='bbox 895 2860 1113 2943; x_wconf 88' lang='lat' dir='ltr'>uentilogium</span> <span class='ocrx_word' id='word_1_167' title='bbox 1131 2861 1228 2925; x_wconf 89' lang='lat' dir='ltr'>simul</span> <span class='ocrx_word' id='word_1_168' title='bbox 1245 2883 1320 2925; x_wconf 90' lang='lat' dir='ltr'>cum</span> <span class='ocrx_word' id='word_1_169' title='bbox 1336 2882 1442 2941; x_wconf 72' lang='lat' dir='ltr'>cruce,</span> 
     </span>
     <span class='ocr_line' id='line_1_23' title="bbox 339 2962 1440 3049; baseline 0.004 -22"><span class='ocrx_word' id='word_1_170' title='bbox 339 2974 372 3027; x_wconf 90' lang='lat' dir='ltr'>et</span> <span class='ocrx_word' id='word_1_171' title='bbox 388 2975 466 3029; x_wconf 91' lang='lat' dir='ltr'>tunc</span> <span class='ocrx_word' id='word_1_172' title='bbox 488 2962 676 3027; x_wconf 87' lang='lat' dir='ltr'>terribiliter</span> <span class='ocrx_word' id='word_1_173' title='bbox 697 2964 893 3028; x_wconf 87' lang='lat' dir='ltr'>uolauerunt</span> <span class='ocrx_word' id='word_1_174' title='bbox 914 2964 1056 3028; x_wconf 89' lang='lat' dir='ltr'>scintille</span> <span class='ocrx_word' id='word_1_175' title='bbox 1077 2966 1174 3047; x_wconf 85' lang='lat' dir='ltr'>ignee</span> <span class='ocrx_word' id='word_1_176' title='bbox 1194 2967 1288 3049; x_wconf 88' lang='lat' dir='ltr'>quasi</span> <span class='ocrx_word' id='word_1_177' title='bbox 1309 2967 1440 3049; x_wconf 87' lang='lat' dir='ltr'>sagitte,</span> 
     </span>
     <span class='ocr_line' id='line_1_24' title="bbox 338 3070 1442 3153; baseline 0.001 -19"><span class='ocrx_word' id='word_1_178' title='bbox 338 3082 372 3134; x_wconf 90' lang='lat' dir='ltr'>et</span> <span class='ocrx_word' id='word_1_179' title='bbox 393 3070 566 3152; x_wconf 90' lang='lat' dir='ltr'>plumbum</span> <span class='ocrx_word' id='word_1_180' title='bbox 590 3070 773 3153; x_wconf 87' lang='lat' dir='ltr'>eliquatum</span> <span class='ocrx_word' id='word_1_181' title='bbox 797 3071 892 3153; x_wconf 88' lang='lat' dir='ltr'>quasi</span> <span class='ocrx_word' id='word_1_182' title='bbox 916 3070 994 3133; x_wconf 82' lang='lat' dir='ltr'>folia</span> <span class='ocrx_word' id='word_1_183' title='bbox 1017 3071 1112 3147; x_wconf 91' lang='lat' dir='ltr'>niuis,</span> <span class='ocrx_word' id='word_1_184' title='bbox 1134 3080 1168 3134; x_wconf 92' lang='lat' dir='ltr'>et</span> <span class='ocrx_word' id='word_1_185' title='bbox 1188 3073 1442 3135; x_wconf 87' lang='lat' dir='ltr'>combusserunt</span> 
     </span>
     <span class='ocr_line' id='line_1_25' title="bbox 339 3173 1440 3259; baseline -0.002 -22"><span class='ocrx_word' id='word_1_186' title='bbox 339 3173 522 3237; x_wconf 90' lang='lat' dir='ltr'>uicinorum</span> <span class='ocrx_word' id='word_1_187' title='bbox 538 3174 657 3237; x_wconf 89' lang='lat' dir='ltr'>domos</span> <span class='ocrx_word' id='word_1_188' title='bbox 673 3174 782 3254; x_wconf 90' lang='lat' dir='ltr'>primo</span> <span class='ocrx_word' id='word_1_189' title='bbox 798 3174 995 3237; x_wconf 88' lang='lat' dir='ltr'>remociores</span> <span class='ocrx_word' id='word_1_190' title='bbox 1015 3183 1049 3237; x_wconf 93' lang='lat' dir='ltr'>et</span> <span class='ocrx_word' id='word_1_191' title='bbox 1069 3177 1285 3257; x_wconf 91' lang='lat' dir='ltr'>postmodum</span> <span class='ocrx_word' id='word_1_192' title='bbox 1307 3176 1440 3259; x_wconf 91' lang='lat' dir='ltr'>propin.-</span> 
     </span>
     <span class='ocr_line' id='line_1_26' title="bbox 339 3276 1440 3362; baseline 0.004 -23"><span class='ocrx_word' id='word_1_193' title='bbox 339 3276 479 3359; x_wconf 89' lang='lat' dir='ltr'>quiores.</span> <span class='ocrx_word' id='word_1_194' title='bbox 524 3278 654 3340; x_wconf 90' lang='lat' dir='ltr'>Ventus</span> <span class='ocrx_word' id='word_1_195' title='bbox 670 3278 796 3341; x_wconf 89' lang='lat' dir='ltr'>interea</span> <span class='ocrx_word' id='word_1_196' title='bbox 811 3288 881 3341; x_wconf 90' lang='lat' dir='ltr'>erat</span> <span class='ocrx_word' id='word_1_197' title='bbox 897 3277 944 3341; x_wconf 91' lang='lat' dir='ltr'>ita</span> <span class='ocrx_word' id='word_1_198' title='bbox 959 3278 1139 3342; x_wconf 89' lang='lat' dir='ltr'>uehemens</span> <span class='ocrx_word' id='word_1_199' title='bbox 1154 3289 1188 3341; x_wconf 89' lang='lat' dir='ltr'>et</span> <span class='ocrx_word' id='word_1_200' title='bbox 1201 3278 1338 3361; x_wconf 81' lang='lat' dir='ltr'>frigidus</span> <span class='ocrx_word' id='word_1_201' title='bbox 1350 3280 1440 3362; x_wconf 92' lang='lat' dir='ltr'>quod</span> 
     </span>
     <span class='ocr_line' id='line_1_27' title="bbox 340 3380 1442 3468; baseline 0.003 -24"><span class='ocrx_word' id='word_1_202' title='bbox 340 3382 449 3445; x_wconf 91' lang='lat' dir='ltr'>nullus</span> <span class='ocrx_word' id='word_1_203' title='bbox 465 3381 527 3445; x_wconf 93' lang='lat' dir='ltr'>sibi</span> <span class='ocrx_word' id='word_1_204' title='bbox 544 3382 595 3445; x_wconf 93' lang='lat' dir='ltr'>uel</span> <span class='ocrx_word' id='word_1_205' title='bbox 613 3380 686 3463; x_wconf 89' lang='lat' dir='ltr'>alijs</span> <span class='ocrx_word' id='word_1_206' title='bbox 703 3382 813 3465; x_wconf 92' lang='lat' dir='ltr'>potuit</span> <span class='ocrx_word' id='word_1_207' title='bbox 825 3381 1009 3447; x_wconf 88' lang='lat' dir='ltr'>subuenire.</span> <span class='ocrx_word' id='word_1_208' title='bbox 1056 3382 1148 3466; x_wconf 87' lang='lat' dir='ltr'>Ignis</span> <span class='ocrx_word' id='word_1_209' title='bbox 1163 3404 1297 3468; x_wconf 89' lang='lat' dir='ltr'>quoque</span> <span class='ocrx_word' id='word_1_210' title='bbox 1311 3384 1442 3449; x_wconf 83' lang='lat' dir='ltr'>furebat</span> 
     </span>
     <span class='ocr_line' id='line_1_28' title="bbox 339 3486 1440 3571; baseline 0.002 -22"><span class='ocrx_word' id='word_1_211' title='bbox 339 3497 373 3551; x_wconf 89' lang='lat' dir='ltr'>et</span> <span class='ocrx_word' id='word_1_212' title='bbox 388 3496 460 3550; x_wconf 89' lang='lat' dir='ltr'>tota</span> <span class='ocrx_word' id='word_1_213' title='bbox 472 3496 570 3550; x_wconf 88' lang='lat' dir='ltr'>nocte</span> <span class='ocrx_word' id='word_1_214' title='bbox 586 3486 643 3549; x_wconf 91' lang='lat' dir='ltr'>illa</span> <span class='ocrx_word' id='word_1_215' title='bbox 659 3486 797 3551; x_wconf 88' lang='lat' dir='ltr'>ardebat</span> <span class='ocrx_word' id='word_1_216' title='bbox 814 3497 848 3550; x_wconf 89' lang='lat' dir='ltr'>et</span> <span class='ocrx_word' id='word_1_217' title='bbox 862 3486 916 3550; x_wconf 92' lang='lat' dir='ltr'>die</span> <span class='ocrx_word' id='word_1_218' title='bbox 932 3497 1091 3570; x_wconf 90' lang='lat' dir='ltr'>sequente</span> <span class='ocrx_word' id='word_1_219' title='bbox 1108 3488 1269 3571; x_wconf 88' lang='lat' dir='ltr'>usquead</span> <span class='ocrx_word' id='word_1_220' title='bbox 1286 3509 1440 3553; x_wconf 87' lang='lat' dir='ltr'>occasum</span> 
     </span>
     <span class='ocr_line' id='line_1_29' title="bbox 339 3590 1517 3674; baseline 0.004 -21"><span class='ocrx_word' id='word_1_221' title='bbox 339 3590 426 3654; x_wconf 89' lang='lat' dir='ltr'>solis.</span> <span class='ocrx_word' id='word_1_222' title='bbox 471 3590 524 3653; x_wconf 90' lang='lat' dir='ltr'>De</span> <span class='ocrx_word' id='word_1_223' title='bbox 548 3599 637 3655; x_wconf 90' lang='lat' dir='ltr'>turre</span> <span class='ocrx_word' id='word_1_224' title='bbox 660 3610 739 3654; x_wconf 88' lang='lat' dir='ltr'>uero</span> <span class='ocrx_word' id='word_1_225' title='bbox 762 3591 883 3655; x_wconf 90' lang='lat' dir='ltr'>cecidit</span> <span class='ocrx_word' id='word_1_226' title='bbox 906 3590 991 3673; x_wconf 91' lang='lat' dir='ltr'>ignis</span> <span class='ocrx_word' id='word_1_227' title='bbox 1013 3612 1113 3674; x_wconf 91' lang='lat' dir='ltr'>super</span> <span class='ocrx_word' id='word_1_228' title='bbox 1134 3592 1281 3667; x_wconf 88' lang='lat' dir='ltr'>chorum,</span> <span class='ocrx_word' id='word_1_229' title='bbox 1303 3601 1337 3657; x_wconf 90' lang='lat' dir='ltr'>et</span> <span class='ocrx_word' id='word_1_230' title='bbox 1363 3613 1441 3657; x_wconf 90' lang='lat' dir='ltr'>con-</span> <span class='ocrx_word' id='word_1_231' title='bbox 1515 3624 1517 3628; x_wconf 95' lang='lat'>·</span> 
     </span>
     <span class='ocr_line' id='line_1_30' title="bbox 339 3693 1442 3778; baseline 0.003 -21"><span class='ocrx_word' id='word_1_232' title='bbox 339 3694 488 3777; x_wconf 87' lang='lat' dir='ltr'>sumpsit.</span> <span class='ocrx_word' id='word_1_233' title='bbox 536 3693 630 3778; x_wconf 85' lang='lat' dir='ltr'>Quot</span> <span class='ocrx_word' id='word_1_234' title='bbox 644 3695 792 3776; x_wconf 90' lang='lat' dir='ltr'>dampna</span> <span class='ocrx_word' id='word_1_235' title='bbox 807 3703 887 3758; x_wconf 88' lang='lat' dir='ltr'>tunc</span> <span class='ocrx_word' id='word_1_236' title='bbox 903 3695 1120 3759; x_wconf 85' lang='lat' dir='ltr'>sustinuimus</span> <span class='ocrx_word' id='word_1_237' title='bbox 1131 3695 1174 3760; x_wconf 91' lang='lat' dir='ltr'>de</span> <span class='ocrx_word' id='word_1_238' title='bbox 1186 3696 1309 3759; x_wconf 91' lang='lat' dir='ltr'>tabulis</span> <span class='ocrx_word' id='word_1_239' title='bbox 1321 3695 1442 3774; x_wconf 80' lang='lat' dir='ltr'>fractis,</span> 
     </span>
     <span class='ocr_line' id='line_1_31' title="bbox 339 3797 1442 3883; baseline 0.002 -20"><span class='ocrx_word' id='word_1_240' title='bbox 339 3801 382 3863; x_wconf 93' lang='lat' dir='ltr'>de</span> <span class='ocrx_word' id='word_1_241' title='bbox 404 3799 563 3883; x_wconf 90' lang='lat' dir='ltr'>orologio,</span> <span class='ocrx_word' id='word_1_242' title='bbox 584 3800 628 3863; x_wconf 90' lang='lat' dir='ltr'>de</span> <span class='ocrx_word' id='word_1_243' title='bbox 651 3798 798 3880; x_wconf 90' lang='lat' dir='ltr'>plumb0,</span> <span class='ocrx_word' id='word_1_244' title='bbox 819 3797 862 3862; x_wconf 93' lang='lat' dir='ltr'>de</span> <span class='ocrx_word' id='word_1_245' title='bbox 883 3797 1044 3876; x_wconf 86' lang='lat' dir='ltr'>fenestris,</span> <span class='ocrx_word' id='word_1_246' title='bbox 1064 3798 1107 3862; x_wconf 91' lang='lat' dir='ltr'>de</span> <span class='ocrx_word' id='word_1_247' title='bbox 1127 3800 1300 3882; x_wconf 88' lang='lat' dir='ltr'>campanis</span> <span class='ocrx_word' id='word_1_248' title='bbox 1321 3799 1442 3879; x_wconf 80' lang='lat' dir='ltr'>fractis,</span> 
     </span>
     <span class='ocr_line' id='line_1_32' title="bbox 339 3903 1440 3987; baseline 0.001 -19"><span class='ocrx_word' id='word_1_249' title='bbox 339 3905 382 3968; x_wconf 91' lang='lat' dir='ltr'>de</span> <span class='ocrx_word' id='word_1_250' title='bbox 393 3907 541 3987; x_wconf 92' lang='lat' dir='ltr'>dampno</span> <span class='ocrx_word' id='word_1_251' title='bbox 554 3904 747 3980; x_wconf 90' lang='lat' dir='ltr'>uicinorum,</span> <span class='ocrx_word' id='word_1_252' title='bbox 758 3905 800 3968; x_wconf 90' lang='lat' dir='ltr'>de</span> <span class='ocrx_word' id='word_1_253' title='bbox 812 3904 971 3986; x_wconf 88' lang='lat' dir='ltr'>expensis</span> <span class='ocrx_word' id='word_1_254' title='bbox 984 3903 1078 3969; x_wconf 87' lang='lat' dir='ltr'>factis</span> <span class='ocrx_word' id='word_1_255' title='bbox 1094 3905 1180 3969; x_wconf 87' lang='lat' dir='ltr'>circa</span> <span class='ocrx_word' id='word_1_256' title='bbox 1196 3906 1440 3987; x_wconf 90' lang='lat' dir='ltr'>reparacionem</span> 
     </span>
    </p>
   </div>
   <div class='ocr_carea' id='block_1_7' title="bbox 339 4008 943 4092">
    <p class='ocr_par' dir='ltr' id='par_1_9' title="bbox 339 4008 943 4092">
     <span class='ocr_line' id='line_1_33' title="bbox 339 4008 943 4092; baseline 0 -19"><span class='ocrx_word' id='word_1_257' title='bbox 339 4011 498 4086; x_wconf 88' lang='lat' dir='ltr'>omnium,</span> <span class='ocrx_word' id='word_1_258' title='bbox 515 4008 825 4092; x_wconf 88' lang='lat' dir='ltr'>deusomnipotens</span> <span class='ocrx_word' id='word_1_259' title='bbox 841 4009 943 4073; x_wconf 91' lang='lat' dir='ltr'>nouit.</span> 
     </span>
    </p>
   </div>
   <div class='ocr_carea' id='block_1_8' title="bbox 551 4192 1199 4257">
    <p class='ocr_par' dir='ltr' id='par_1_10' title="bbox 551 4192 1199 4257">
     <span class='ocr_line' id='line_1_34' title="bbox 551 4192 1199 4257; baseline -0.003 -12"><span class='ocrx_word' id='word_1_260' title='bbox 551 4194 559 4227; x_wconf 83' lang='lat'>¹</span> <span class='ocrx_word' id='word_1_261' title='bbox 577 4194 674 4257; x_wconf 88' lang='lat' dir='ltr'>tollum,</span> <span class='ocrx_word' id='word_1_262' title='bbox 689 4196 745 4246; x_wconf 88' lang='lat' dir='ltr'>MS.</span> <span class='ocrx_word' id='word_1_263' title='bbox 1038 4192 1049 4224; x_wconf 84' lang='lat'><em>²</em></span> <span class='ocrx_word' id='word_1_264' title='bbox 1064 4194 1126 4255; x_wconf 91' lang='lat' dir='ltr'>tolo,</span> <span class='ocrx_word' id='word_1_265' title='bbox 1140 4194 1199 4245; x_wconf 90' lang='lat' dir='ltr'>MS.</span> 
     </span>
    </p>
   </div>
   <div class='ocr_carea' id='block_1_9' title="bbox 0 0 1622 5059">
    <p class='ocr_par' dir='ltr' id='par_1_11' title="bbox 0 0 1622 5059">
     <span class='ocr_line' id='line_1_35' title="bbox 0 0 1622 5059; baseline 0 0"><span class='ocrx_word' id='word_1_266' title='bbox 0 0 1622 5059; x_wconf 95' lang='lat' dir='ltr'> </span> 
     </span>
    </p>
   </div>
  </div>
 </body>
</html>
