3234 5059
762 350 1006 423 Miscellanea

458 535 482 592 b.
527 534 610 593 Sedes
629 536 795 611 episcopales
815 542 844 593 et
862 534 1108 611 archiepiscopales
1128 534 1161 593 ia
1181 533 1302 610 Anglia.

390 680 641 759 Archiepiscopus
662 682 885 743 Cantuariensis
907 684 962 743 hos
984 683 1075 743 habet
1095 683 1301 759 suffraganeos.

572 806 827 869 Londoniensern.

572 908 755 969 Roffensem.

572 1003 800 1069 Cicestrensem.

572 1101 784 1165 Oxoniensem.

572 1203 826 1280 Wyntoniensem.

573 1301 816 1363 Bathoniensem.

571 1400 828 1461 Sarisburiensem.

571 1495 824 1577 Wygorniensem.

573 1595 835 1656 Heresordensem.

572 1695 818 1755 Couentrensem.

572 1790 825 1853 Lincolniensem.

572 1892 742 1967 Elyensem.

573 1988 811 2067 Norwycensem.

389 2128 419 2177 et
439 2118 471 2193 iij
493 2117 523 2176 in
545 2117 659 2179 Wallia

571 2238 801 2314 Bangorensem.

573 2339 620 2396 De
641 2348 746 2397 sancto
768 2336 877 2414 Asaph.

571 2436 811 2495 Landauensem.

572 2535 779 2595 Beneuensenr
803 2534 961 2613 (Meneu.).

388 2665 639 2741 Archiepiscopus
654 2665 852 2726 Eboracensis
866 2668 921 2725 hos
936 2667 1026 2725 habet
1041 2667 1241 2742 suffraganeos
1255 2667 1284 2725 in
1302 2668 1416 2745 Anglia.

572 2784 814 2842 Dunelmensem.

573 2880 806 2939 Karleolensem.

591 3068 615 3110 c.
662 3046 757 3128 Office
776 3050 818 3127 as
833 3048 884 3109 tlce
910 3049 998 3128 Haly
1027 3049 1164 3130 Trinity.

247 3210 262 3257 s,
279 3208 316 3259 ,b
389 3189 428 3245 In
443 3189 621 3245 veneracione
637 3193 732 3244 sancte
744 3187 890 3244 trinitatis
898 3209 909 3243 .·
927 3186 1055 3263 efficium.
1100 3188 1265 3247 Benedicta
1278 3190 1317 3247 sit
1330 3200 1434 3248 sancta

328 3283 450 3355 trinitas,
466 3296 554 3361 atque
569 3281 698 3344 indiuisa
713 3282 817 3342 unitas.
851 3281 1060 3343 confitebimur
1071 3282 1097 3342 ei
1109 3283 1180 3359 quia
1193 3284 1262 3343 fecit
1276 3285 1432 3345 nobiscum

328 3380 559 3443 misericordiam
588 3400 681 3441 suam.
726 3381 755 3440 S.
800 3378 1018 3440 Benedicamus
1045 3392 1160 3458 patrem
1189 3393 1219 3441 et
1247 3382 1340 3443 filium
1364 3404 1432 3443 cum

328 3493 432 3541 sancto
447 3478 559 3556 spiritu.
605 3480 717 3540 Oracca.
761 3477 963 3556 Omnipotens
978 3478 1156 3556 sempiterne
1170 3480 1245 3540 deus
1259 3480 1311 3557 qui
1325 3481 1433 3543 dedisti

327 3576 445 3636 famulis
473 3576 530 3637 tuis
558 3576 589 3635 in
614 3574 801 3636 confessione
829 3595 899 3635 uere
926 3575 997 3635 fidei
1025 3587 1126 3637 eterne
1150 3575 1286 3637 trinitatis
1309 3577 1432 3655 gloriam

327 3693 497 3752 agnoscere,
522 3684 552 3733 et
579 3671 610 3731 in
635 3672 805 3749 potenciam
834 3672 995 3733 maiestatis
1019 3674 1142 3734 adorare
1170 3673 1332 3734 unitatem!
1365 3693 1434 3751 que-

329 3793 430 3833 sumus
452 3784 484 3831 ut
505 3771 638 3832 eiusdem
659 3771 729 3831 fidei
750 3770 887 3833 firmitate
908 3775 947 3832 ab
967 3772 1109 3832 omnibus
1129 3792 1247 3850 semper
1267 3774 1436 3833 muniamur

328 3873 478 3934 aduersis!
501 3870 561 3947 Qui
576 3869 650 3930 uiuis
666 3881 696 3930 et
710 3890 815 3948 regnas
829 3872 904 3931 deus
918 3890 971 3948 per
984 3872 1085 3931 omnia
1099 3873 1199 3931 secula
1213 3874 1389 3932 seculorum.

389 3972 443 4030 Aa
472 3970 644 4029 Canathias.
701 3971 835 4028 Fratres!
868 3967 971 4029 Gratia
998 3968 1114 4028 domini
1141 3966 1225 4029 ihesu
1257 3969 1374 4030 christi?
1405 3983 1435 4032 et

332 4068 450 4129 Karitas
484 4068 541 4128 dei.
596 4069 634 4126 Et
668 4066 907 4128 comnrunicacio
942 4066 1036 4127 sancti
1069 4067 1196 4145 spiritus.
1250 4068 1286 4129 sit
1320 4090 1437 4147 semper

330 4188 398 4229 cum
419 4167 559 4229 omnibus
580 4168 675 4229 nobis,
720 4170 757 4228 ln
778 4168 889 4227 christo
909 4167 1012 4227 ihesu!
1040 4165 1164 4228 domino
1185 4179 1296 4231 nostro.

391 4268 446 4327 Ad
469 4269 634 4327 Romanas:
663 4266 691 4328 Ο
715 4263 843 4326 altitudo
870 4264 1043 4325 diuiciarum
1072 4265 1224 4344 sapiencie
1251 4281 1281 4328 et
1308 4269 1437 4331 sciencie

331 4366 398 4427 dei!
421 4386 512 4443 quam
527 4364 839 4441 incomprehensibilia
853 4377 921 4424 sunt
935 4363 1044 4425 iudicia
1058 4364 1127 4425 eius
1174 4379 1204 4427 et
1217 4367 1438 4445 inuestigabiles
