3234 5059
364 353 435 422 206
639 349 910 446 Appozatment
934 349 983 445 as
1000 347 1178 423 Praetura
1346 343 1464 442 [soors

197 521 295 622 3¹33OE
303 575 330 612 a
360 525 489 596 iacimus,
501 538 529 583 et
542 527 739 582 constituimus
751 527 886 584 dilectum
899 525 981 581 nobis
995 525 1022 580 in
1037 525 1151 580 Christo
1163 525 1328 594 magistrum
1346 523 1465 591 Symon·

197 619 406 667 thecourtolem
430 614 466 668 de
491 616 566 683 Boys
588 614 719 670 clericum
745 623 954 684 procuratorem
978 623 1104 668 nostrum
1130 613 1159 666 in
1184 621 1365 667 sacrosancta
1389 608 1466 664 curia

198 671 329 773 &diffidis
361 700 493 757 Romana
507 703 545 756 ad
562 703 770 773 impetrandum
787 702 894 758 litteras
912 703 1055 772 simplices
1073 710 1102 757 et
1117 701 1253 770 legendas
1271 700 1396 769 graciam
1414 715 1465 754 seu

199 771 297 863 fflffi,
356 787 499 858 justiciam
512 789 697 857 continentes,
710 800 738 844 et
751 789 788 844 ad
798 787 1050 844 contradicendum
1060 805 1170 843 necnon
1180 787 1218 842 ad
1227 786 1465 842 consencieudum

199 871 306 962 ffissffist
359 875 388 929 in
398 875 509 946 judices
521 887 549 931 et
561 877 632 944 loca,
645 887 672 933 et
685 877 722 931 ad
732 876 844 946 judices
856 877 1038 943 recusandos,
1044 886 1073 931 et
1085 875 1176 931 eciam
1188 874 1225 929 ad
1238 873 1466 930 substituendum

285 953 292 966 '
359 973 569 1032 procuratorem
581 964 644 1019 loco
656 965 707 1030 sui,
721 975 748 1019 et
760 965 798 1018 ad
811 963 907 1018 omnia
919 964 1057 1034 premissa
1068 963 1207 1028 facienda,
1221 973 1314 1016 ratum
1327 961 1466 1015 habentes

360 1060 388 1105 et
407 1050 518 1106 firmum
536 1051 671 1123 quicquid
689 1053 764 1107 idem
783 1051 919 1121 magister
935 1061 965 1108 et
983 1053 1020 1107 ab
1037 1069 1072 1106 eo
1091 1049 1259 1106 substitutus
1278 1047 1307 1103 in
1319 1048 1466 1119 premissis

360 1137 474 1191 nornine
488 1149 583 1194 nostro
596 1139 705 1194 duxerit
717 1139 887 1194 iaciendum.

415 1227 447 1280 In
467 1225 546 1280 cuius
564 1227 604 1280 rei
623 1225 814 1282 testimonium
833 1225 956 1295 sigillum
976 1235 1102 1279 nostrum
1120 1241 1271 1280 commune
1288 1223 1466 1294 presentibus

361 1312 492 1368 duximus
505 1314 713 1384 apponendum.

415 1402 523 1455 Datum
541 1403 617 1473 apud
634 1402 804 1457 Bernewelle
822 1401 850 1455 in
868 1401 991 1472 capitulo
1010 1411 1106 1456 nostro
1122 1410 1175 1455 etc.
1195 1399 1372 1470 presentibus
1388 1397 1467 1470 [ete]

361 1495 425 1555 post
437 1485 589 1542 triennium
601 1486 716 1542 minime
729 1485 886 1542 valiturum

502 1890 515 1904 .
576 1838 620 1885 11.
667 1820 859 1885 Procuratio
881 1821 930 1885 ad
946 1841 1061 1884 causas
1078 1819 1252 1904 generales.

198 1973 252 2015 'fh‘
416 1976 556 2030 Omnibus
575 1975 680 2031 Christi
699 1975 829 2031 fidelibus
853 1977 890 2030 ad
912 1993 984 2048 quos
1008 1992 1124 2045 presens
1149 1976 1285 2046 scripturn
1310 1976 1468 2045 peruenerit

197 2031 313 2130 {2233ss
363 2059 493 2133 S[yrnon]
511 2063 591 2118 Prior
608 2062 644 2118 de
665 2064 835 2118 Bemewelle
853 2075 881 2118 et
899 2063 1026 2118 eiusdem
1044 2063 1099 2119 loci
1118 2074 1275 2119 conuentus
1300 2065 1419 2120 salutem
1438 2064 1468 2118 in

196 2134 302 2227 mm,
361 2151 460 2206 salutis
472 2162 594 2208 auctore„

196 2227 308 2370 griffi?
416 2240 536 2294 Nouerit
555 2239 722 2294 uniuersitas
741 2247 837 2294 uestra
853 2238 930 2309 quod
952 2254 1004 2293 nos
1027 2248 1125 2294 tenore
1148 2239 1326 2309 presencium
1349 2239 1469 2295 iacimus

198 2339 259 2419 ὦ·
277 2327 344 2418 ¹3:¹3·
362 2328 559 2382 constituimus
583 2337 611 2382 et
636 2326 799 2382 ordinamus
825 2336 1018 2397 procuratores
1046 2338 1158 2383 nostros
1185 2327 1325 2396 legitimos
1350 2327 1469 2383 dilectos

198 2426 260 2470 ors.
362 2414 461 2469 fratres
481 2424 592 2470 nostros
610 2415 770 2485 Johannem
789 2415 825 2470 de
845 2415 1005 2486 scropham,
1025 2425 1054 2470 et
1072 2415 1165 2470 Adam
1184 2417 1220 2471 de
1238 2427 1338 2471 sancto
1356 2417 1468 2471 Albano

198 2478 343 2570 ffimw
362 2502 515 2557 canonicos
539 2513 661 2566 nostros,
688 2519 797 2558 necnon
823 2512 852 2558 et
872 2504 1038 2572 magistnrm
1063 2504 1236 2559 Willelmum
1261 2504 1297 2558 de
1329 2505 1470 2574 Norwyco

199 2577 353 2670 mitiis&
363 2588 494 2644 clericum
508 2599 636 2643 nostrum
650 2588 678 2642 in
691 2589 823 2644 omnibus
836 2589 929 2644 causis
941 2589 1046 2645 nostris
1058 2601 1086 2644 et
1098 2591 1232 2660 negociis,
1246 2608 1342 2645 coram
1354 2590 1468 2660 quibus-

198 2685 225 2720 t⁰
233 2684 275 2720 ⁸0¹
283 2657 328 2720 ⁸⁸⁹
363 2692 474 2746 cunque
482 2676 625 2747 judicibus
639 2676 788 2732 ordinariis
806 2693 855 2730 seu
868 2676 1014 2745 delegatis,
1027 2678 1146 2745 arbitris,
1159 2678 1406 2735 conseruatoribus
1419 2697 1470 2734 seu

197 2729 332 2831 {hrgi‘teern
363 2779 458 2817 eorum
478 2763 555 2818 vices
573 2764 744 2833 gerentibus,
763 2764 978 2835 quibuscunque
999 2763 1099 2819 diebus
1123 2775 1151 2819 et
1175 2766 1245 2820 locis
1267 2776 1366 2821 contra
1385 2784 1470 2836 quos-

198 2829 348 2932 ᾞζξζῇῗζ,
363 2869 473 2923 cunque
504 2851 681 2907 aduersarios
712 2863 824 2907 nostros
855 2853 908 2907 sub
937 2853 1137 2921 alternacione,
1167 2863 1260 2907 ratum
1294 2862 1323 2908 et
1357 2864 1470 2923 gratum

362 2935 509 3009 habitudi]
526 2938 659 3011 quicquid
678 2955 776 2994 omnes
795 2939 879 2995 simul
896 2940 941 2993 vel
959 2956 1032 2994 unus
1050 2956 1147 2995 eorum
1165 2939 1194 2994 in
1213 2940 1296 2995 dictis
1314 2941 1408 2995 causis
1420 2957 1469 2995 seu

363 3025 487 3096 negocijs
500 3027 615 3081 nornine
627 3037 724 3081 nostro
737 3027 866 3081 duxerint
878 3044 928 3082 seu
941 3027 1049 3082 duxerit
1061 3027 1230 3096 laciendum,
1244 3028 1345 3082 dantes
1362 3027 1470 3084 eisdem

363 3112 494 3168 omnibus
518 3123 547 3168 et
572 3112 690 3184 singulis
716 3123 743 3168 et
768 3131 865 3168 eorum
889 3115 947 3183 uni,
971 3133 1043 3186 quos
1071 3117 1116 3171 uel
1141 3133 1227 3188 quem
1241 3115 1351 3185 judicio
1369 3116 1470 3172 adesse

362 3201 520 3270 contigerit,
540 3211 710 3271 potestatem
728 3203 832 3272 agendi
850 3211 880 3256 et
897 3202 1076 3270 defendendi,
1102 3203 1280 3274 impetrandi,
1302 3204 1469 3274 excipiendi,

362 3286 544 3357 repplicandi,
556 3287 726 3359 appellandi,
746 3288 953 3357 appellaciones
970 3290 1167 3360 prosequendi,
1185 3291 1214 3344 in
1231 3291 1341 3345 animas
1357 3302 1469 3346 nostras

362 3385 421 3427 tam
434 3374 470 3427 de
482 3375 644 3445 calumpnia
655 3393 741 3447 quam
754 3376 790 3429 de
802 3375 921 3431 ueritate
933 3377 1055 3432 dicenda
1067 3377 1187 3442 iurandi,
1200 3387 1228 3432 et
1236 3377 1384 3448 quodlibet
1393 3379 1469 3434 aliud

361 3479 451 3530 genus
470 3462 538 3516 liciti
558 3464 728 3518 sacramenti
747 3465 901 3534 prestandi,
920 3473 1010 3520 status
1029 3465 1117 3519 nostri
1139 3473 1167 3518 et
1193 3461 1355 3535 monasteri]¹
1381 3467 1469 3521 nostri

259 3566 275 3615 l.
293 3568 322 3629 78
333 3567 349 3615 b
362 3555 595 3613 relormacionem
614 3559 737 3630 petendi,
757 3559 890 3628 ponendi,
909 3559 1102 3629 posicionibus
1118 3559 1317 3628 respondendi,
1336 3560 1408 3614 alios
1424 3560 1470 3615 uel

362 3646 448 3700 alium
471 3658 664 3715 procuratores
689 3663 737 3700 seu
763 3657 974 3716 procuratorem
997 3645 1197 3713 constituendi,
1222 3661 1361 3716 expensas
1385 3646 1469 3702 nobis
1493 3642 1495 3646 ’

362 3733 540 3789 adiudicatas
552 3747 581 3789 et
593 3733 798 3789 adiudicandas
811 3734 973 3805 recipiendi,
986 3743 1015 3789 et
1026 3734 1123 3788 omnia
1135 3733 1192 3788 alia
1203 3733 1341 3788 laciendi¹
1351 3751 1407 3805 que
1418 3753 1469 3805 per

362 3839 446 3877 ueros
477 3834 505 3877 et
533 3821 674 3891 legitimos
705 3832 901 3892 procuratores
932 3821 1104 3876 coniunctim
1136 3831 1164 3876 et
1193 3821 1308 3876 diuisim
1338 3833 1469 3892 poterunt

362 3910 492 3981 expediri.
532 3911 585 3964 Pro
598 3909 704 3965 eisdem
718 3911 850 3965 omnibus
862 3921 891 3965 et
903 3909 1020 3980 singulis
1033 3919 1061 3964 et
1072 3927 1171 3966 eorum
1187 3927 1244 3965 vno
1260 3921 1288 3966 et
1304 3912 1342 3966 ab
1360 3911 1469 3966 eisdem

362 3997 493 4051 omnibus
511 3998 555 4051 uel
574 4014 672 4052 eorum
689 4015 744 4052 vno
761 3995 928 4063 substitutis,
942 4013 991 4051 seu
1003 3997 1163 4065 substituto,
1176 3999 1231 4052 sub
1243 4008 1363 4068 ypoteca
1374 4016 1468 4054 rerum

363 4097 522 4142 nostrarum
537 4087 696 4157 judicatum
714 4087 785 4142 solui
802 4086 1000 4157 promittimus
1043 4086 1123 4140 ldern
1138 4085 1352 4158 quibuscunque
1369 4089 1468 4145 aduer-

364 4173 445 4228 sariis
464 4175 567 4228 nostris
587 4185 615 4228 et
637 4173 768 4228 omnibus
788 4189 908 4244 quontm
929 4174 1045 4228 interest
1065 4173 1265 4243 significamus.

418 4263 451 4317 ln
465 4263 543 4318 cuius
557 4261 593 4317 rei
608 4261 800 4317 testimonium
814 4271 867 4316 etc.
906 4263 1013 4314 Datum
1027 4261 1055 4316 in
1069 4261 1201 4331 capitulo
1214 4273 1311 4320 nostro
1323 4273 1374 4321 eta

803 4397 813 4429 ¹
830 4399 950 4460 facienda,
966 4398 1023 4451 MS.
