3234 5059
145 334 202 434 ιν]
474 338 683 437 Expulsz'on
710 338 758 434 of
774 339 836 412 the
853 339 961 438 Jews
1176 362 1245 435 225

144 535 177 588 et
201 525 268 588 duo
290 536 422 591 tanturn
448 527 564 592 fratres
586 548 662 593 cum
687 549 738 605 eo,
760 550 902 611 quorum
926 550 1011 592 unus
1034 537 1105 592 erat
1126 529 1248 611 laycus.

146 626 204 709 Hij
225 640 291 692 tres
312 629 429 694 fratros
450 631 583 714 inopem
607 633 710 695 uitam
732 634 913 708 duxerunt,
934 642 968 696 et
991 634 1085 715 qnasi
1107 632 1194 695 farne
1215 644 1249 697 et

144 732 197 796 siti
225 747 436 799 exaruerunt.
483 735 637 801 Tandem
665 737 753 800 idern
782 736 883 802 frater
906 738 1055 801 Thomas
1079 749 1250 820 resumpto

145 837 258 901 babitu
291 839 428 903 seculari
460 839 630 906 festinauit
660 842 702 905 ad
733 842 861 925 Regem
888 843 951 907 sub
978 843 1129 906 custodia
1157 844 1249 926 quia¹

144 939 222 1005 alibi
239 941 403 1007 diuertere
416 965 482 1008 non
496 956 635 1029 poterat.
674 946 719 1010 Et
735 966 812 1009 curn
826 947 1014 1029 perueniret
1028 947 1249 1022 Londoniam,
1262 966 1315 1007 sse
1326 964 1392 1016 rnng

145 1046 259 1109 uolens
289 1047 411 1111 habere
442 1049 644 1131 colloquium
676 1070 751 1113 cum
784 1050 879 1132 Rege
909 1059 945 1114 ut
977 1050 1021 1113 ab
1050 1071 1091 1113 eo
1121 1060 1249 1133 peteret
1261 1015 1392 1108 ffiiuiiirf⁰

146 1152 403 1216 misericordiam
439 1154 472 1216 in
507 1174 630 1237 magna
659 1154 859 1230 humilitate,
890 1155 996 1218 noluit
1028 1156 1104 1219 Rex
1135 1156 1249 1220 uidere

145 1277 231 1333 eum,
253 1258 311 1321 sed
335 1259 483 1342 precepit
507 1270 542 1323 ut
565 1260 609 1323 ad
630 1260 738 1323 socios
759 1280 838 1323 suos
858 1260 1055 1323 iusticiarios
1075 1261 1251 1324 duceretur

145 1364 187 1426 ad
219 1363 351 1427 Turrim
384 1363 569 1441 Londonie,
598 1373 632 1428 et
662 1364 801 1428 vinculis
833 1373 1043 1428 coarteretur.
1098 1364 1144 1427 Et
1173 1371 1250 1448 post

146 1488 269 1550 paucos
278 1471 350 1533 dies
357 1470 433 1531 Rex
444 1489 503 1553 per
515 1470 653 1533 nuncios
666 1468 869 1554 sollempnes
880 1468 974 1533 dedit
986 1470 1016 1532 ei
1029 1469 1249 1552 adopcionem

146 1573 177 1634 in
201 1572 315 1649 tribus,
338 1574 395 1637 sed
419 1573 521 1656 elegit
544 1582 675 1637 tantum
700 1593 800 1637 vnam
829 1572 928 1650 uiam,
950 1572 1076 1636 scilicet
1098 1571 1250 1637 abiurare

146 1695 284 1757 regnum
309 1676 442 1758 Anglie,
465 1677 555 1759 quod
580 1686 613 1740 et
637 1686 754 1760 postea
777 1675 863 1740 iecit.
910 1676 956 1740 Et
978 1685 1140 1759 tanquam
1165 1694 1414 1745 unusne-num

144 1781 188 1844 de
208 1780 376 1845 uilissimis
391 1782 510 1844 scurris
527 1780 660 1863 Anglie,
675 1780 803 1844 tunica²
818 1789 950 1844 tantum
968 1780 1117 1855 uestitus,
1131 1780 1250 1844 discal-
1263 1744 1305 1787 ψ’
1316 1744 1401 1786 '‘⁸¹¹¹''

144 1885 250 1947 ciatus
266 1895 299 1948 et
316 1883 405 1948 nudo
422 1884 540 1966 capite,
555 1884 722 1967 accipiens
737 1894 771 1948 et
787 1895 926 1967 portans
940 1904 1073 1948 crucem
1089 1885 1122 1946 in
1140 1903 1250 1960 manu,

145 1989 252 2051 tenuit
264 1988 367 2050 altam
380 1996 520 2051 stratam
533 2008 647 2052 uersus
661 2007 759 2064 mare,
772 1998 805 2051 et
822 2008 882 2071 per
897 1998 1012 2051 noctes
1027 1989 1166 2052 domum
1183 2009 1249 2051 non

145 2093 302 2168 introiuit‚
324 2101 358 2156 et
381 2094 427 2154 sic
451 2112 542 2157 mare
565 2093 765 2176 pertransiit.
812 2091 844 2157 Ο
869 2111 971 2177 quam
994 2102 1066 2157 erat
1089 2092 1251 2157 mirabilis

145 2197 230 2262 tanti
247 2198 307 2259 uiri
323 2196 433 2259 subita
450 2196 614 2260 mutacio!

211 2301 264 2366 De
289 2300 428 2365 domino
458 2300 570 2365 Adam
602 2302 645 2365 de
676 2300 859 2377 Strattone‚
889 2299 1010 2364 clerico
1039 2300 1252 2376 thesaurarie,

144 2407 260 2470 habuit
277 2426 336 2469 rex
353 2406 548 2488 peccuniam
569 2406 664 2489 quasi
686 2405 862 2481 infinitam,
877 2406 1004 2469 scilicet
1020 2415 1058 2470 ut
1077 2405 1251 2469 dicebatur

145 2512 223 2576 .xiii.
253 2521 416 2576 carrectas
447 2512 516 2576 auri
544 2521 577 2575 et
608 2512 744 2594 argenti.
791 2510 858 2595 Qui
885 2512 1001 2587 eciam,
1027 2510 1184 2574 liberatus
1208 2510 1350 2573 ἀείδω)

145 2638 283 2692 carcere,
299 2626 416 2700 postea
432 2626 483 2680 est
498 2618 672 2680 conuictus
688 2616 730 2679 de
751 2616 898 2699 quadam
918 2626 1011 2679 carta
1031 2615 1114 2679 salsa
1135 2625 1251 2678 contra

148 2722 292 2785 Priorem
324 2721 366 2783 de
401 2721 679 2803 Bermundeseye‚
709 2731 743 2784 et
780 2720 898 2784 iterum
932 2720 1053 2783 carceri
1089 2728 1252 2802 perpetuo

147 2828 356 2908 mancipatur
378 2846 453 2889 raso
477 2825 594 2908 capite.
1176 2882 1179 2888 .

212 2930 265 2993 De
287 2930 424 2993 domino
448 2930 598 2993 Roberto
621 2930 663 2993 de
688 2929 843 2993 Ludham
868 2930 925 3013 qui
949 2928 1027 2992 iecit
1050 2927 1149 2992 finem
1174 2948 1250 2992 cum
1265 2943 1412 2986 'ruer-teor

150 3037 241 3117 Rege
262 3056 322 3118 pro
341 3034 509 3098 sexcentis
532 3036 658 3099 marcis.
705 3036 873 3099 Dominus
893 3035 998 3099 eciam
1022 3034 1187 3098 Radulsus
1210 3034 1251 3097 de
1266 2996 1380 3086 iiiii..

150 3140 329 3221 Hengham
351 3142 406 3223 qui
428 3149 501 3204 erat
519 3141 821 3204 excellentissimus
838 3140 1034 3205 iusticiarius
1050 3139 1175 3221 Angiie
1190 3138 1252 3202 sub
1266 3094 1411 3196 &duffii

149 3246 241 3328 Rege
268 3244 345 3309 iecit
375 3266 493 3329 pacem
519 3266 580 3328 pro
607 3265 730 3328 magna
754 3245 913 3329 peccunie
940 3264 1072 3309 summa
1098 3254 1132 3307 et
1156 3245 1252 3327 quasi

147 3350 282 3415 infinita.

321 3582 369 3647 31.
414 3565 466 3630 De
486 3566 667 3651 expulsione
689 3567 874 3643 Iudeorum,
895 3577 928 3631 et
950 3566 1081 3644 decima,

540 3680 572 3735 et
591 3671 708 3753 quinta
730 3669 861 3735 decima.

214 3810 345 3874 Eodem
383 3831 474 3875 anno
508 3811 634 3875 scilicet
670 3812 763 3893 regni
799 3810 904 3894 Regis
942 3810 1121 3874 Eadwardi
1159 3810 1252 3873 .xix⁰.
1268 3828 1306 3869 ex
1325 3827 1409 3869 arnon

146 3915 232 3998 exijt
255 3916 403 3980 edictum
431 3938 451 3979 a
479 3916 574 3999 Rege
604 3916 693 4000 quod
721 3936 840 3979 omnes
873 3915 968 3980 iudei
993 3914 1194 3989 exularent³‚
1219 3925 1253 3976 et
1265 3878 1344 3980 iiw·
1355 3937 1415 3980 ¹²⁹0·

146 4022 348 4104 quicumque
373 4031 450 4104 post
477 4022 566 4085 diem
590 4022 741 4085 omnium
766 4029 958 4084 sanctorum
985 4029 1073 4083 esset
1098 4019 1254 4081 inuentus

147 4128 263 4190 iudeus
287 4128 320 4189 in
352 4124 486 4209 Anglia,
516 4126 628 4209 capite
657 4134 876 4189 truncaretur.
921 4124 1145 4189 Recesserunt
1174 4142 1254 4204 ergo

195 4276 205 4309 ¹
222 4278 299 4343 quod,
312 4276 369 4329 MS.
628 4277 640 4308 ¹
655 4278 774 4337 tunicam,
789 4276 848 4327 MS.
1222 4299 1225 4305 ·

196 4360 278 4413 ’The
298 4362 388 4413 deeree
407 4362 445 4413 sor
462 4361 505 4413 the
521 4363 652 4428 expulsion
672 4362 702 4411 oi
718 4360 760 4411 the
777 4361 845 4427 Jews
859 4360 881 4410 is
897 4360 973 4409 dated
994 4373 1022 4423 31
1045 4360 1151 4421 August.
1176 4370 1254 4421 ¹²90}

147 4448 192 4496 but
204 4446 247 4497 the
262 4447 319 4510 roth
330 4462 389 4513 year
401 4446 429 4497 oi
437 4447 480 4497 the
492 4446 583 4511 King's
594 4445 664 4512 reign
675 4445 719 4497 did
732 4454 776 4497 not
788 4444 865 4511 begin
876 4444 914 4494 riu
926 4460 959 4508 3⁰
970 4441 1124 4493 November.

229 4572 255 4619 e
1136 4566 1170 4626 15
