3234 5059
154 354 217 455 111]
402 358 480 432 The
506 358 601 431 lond
621 358 669 456 os
693 357 851 433 Thomas
884 357 1016 455 Tuylet
1190 380 1256 453 1¹5

250 614 299 683 25.
343 602 509 668 Placitum
531 614 643 669 contra
664 603 844 668 Robertum
867 602 997 667 Hubert
1017 604 1056 668 de
1078 614 1167 668 terro
1271 612 1359 675 tub

574 706 693 772 Thome
720 708 839 790 Tuylet.

209 840 376 915 H[enricus]
407 844 453 898 dei
485 844 581 914 gracia
611 856 665 901 etc
689 844 848 901 vicecomiti
879 844 1106 914 cantebrigiensi
1130 845 1257 898 salutem
1273 846 1424 939 ffihhegffi

156 930 330 1001 Precipimus
347 931 397 987 tibi
415 932 487 988 sicut
504 934 575 989 alias
593 934 644 988 tibi
663 935 841 1005 precepimus
857 933 933 1004 quod
950 934 1046 988 venire
1062 933 1151 987 iacias
1164 949 1260 987 coram
1274 947 1313 990 'ru
1330 947 1374 988 tet.

151 1015 314 1087 justiciarijs
335 1021 439 1076 nostris
461 1022 537 1091 apud
558 1022 844 1077 westmonasterium
866 1022 894 1076 in
918 1020 1027 1076 octabis
1050 1020 1260 1076 Purificacionis
1275 996 1424 1100 ss‘pssfiefff‘

155 1102 238 1158 beate
252 1104 343 1159 Marie
356 1106 531 1160 Willelmum
547 1106 584 1160 de
602 1107 703 1173 Stowe,
717 1108 860 1175 Rogerum
873 1106 910 1160 de
926 1105 1042 1173 Wykes‚
1057 1106 1212 1159 Robertum
1225 1104 1261 1159 de
1274 1096 1425 1197 ffiffifg'

156 1192 1261 1263 sanctoeadmundoxustachtumt)unning,neoniumounning,etJohannem
1275 1210 1303 1240 or
1311 1197 1361 1240 nno
1370 1198 1402 1239 ¹¹0

155 1278 192 1333 de
204 1279 279 1344 Tolt,
291 1288 379 1335 testes
395 1282 556 1335 nominatos
573 1281 602 1335 in
619 1281 744 1352 quadarn
756 1290 835 1337 carta
851 1298 936 1351 quarn
951 1281 1031 1335 Prior
1042 1280 1079 1334 de
1092 1281 1262 1335 Bernewelle
1275 1247 1379 1341 mig

156 1366 276 1420 incuria
287 1377 385 1423 nostra
401 1385 497 1424 coram
507 1367 671 1439 justiciarijs
687 1369 791 1424 nostris
808 1369 885 1439 apud
902 1368 1187 1423 westmonasterium
1199 1385 1262 1438 pro·
1275 1350 1318 1391 ¹¹²⁶
1328 1346 1414 1390 Μή

156 1453 209 1508 lert
221 1455 274 1509 sub
287 1456 401 1511 nomine
414 1456 524 1510 Thome
537 1456 648 1525 Tuylet.
685 1457 724 1511 Et
736 1465 830 1526 preter
842 1454 904 1509 illos
917 1455 971 1523 ,xii
985 1465 1044 1509 tam
1060 1455 1164 1510 milites
1176 1471 1263 1526 quarn

156 1541 227 1596 alios
251 1542 355 1598 liberos
380 1554 408 1599 et
431 1545 538 1613 legales
566 1545 704 1612 homines,
729 1553 789 1597 tarn
817 1542 970 1598 forinsecos
999 1560 1085 1613 quam
1114 1543 1151 1598 de
1174 1545 1263 1613 burgo

159 1629 347 1700 Cantebrigie,
368 1633 547 1699 Bemewelle,
566 1641 594 1686 et
614 1633 800 1698 Newenham,
819 1648 869 1703 per
888 1649 959 1703 quos
979 1632 1019 1686 rei
1039 1633 1143 1687 ueritas
1163 1630 1263 1686 melius

158 1715 222 1770 sciri
235 1717 345 1786 poterit,
358 1719 406 1789 qui
419 1736 472 1773 nec
486 1720 643 1775 Robertum
659 1719 748 1772 tilium
767 1718 883 1773 Roberti
899 1718 1010 1773 Hubert
1023 1735 1076 1773 nec
1089 1718 1214 1773 Priorem
1228 1718 1264 1773 de

159 1805 329 1861 Bernewelle
341 1806 436 1877 aliqua
448 1806 585 1863 affinitate
597 1808 746 1877 attingant,
757 1808 794 1861 ad
803 1808 1064 1877 recognoscendum
1077 1824 1162 1877 super
1171 1822 1263 1861 sacra-

158 1902 286 1947 mentum
298 1910 380 1948 suum
394 1894 417 1949 si
430 1895 572 1965 predictus
582 1896 710 1949 Thomas
720 1911 791 1949 auus
801 1894 920 1964 predicti
932 1894 1049 1949 Roberti
1059 1894 1128 1963 obijt
1142 1893 1264 1964 saysitus

158 1981 186 2035 in
200 1981 344 2037 dominico
359 1999 411 2037 suo
427 1993 458 2039 ut
474 1984 510 2039 de
527 1984 611 2039 feodo
627 1984 664 2039 de
681 1982 886 2054 quinquaginta
902 1993 931 2037 et
948 1991 1012 2035 octo
1025 1982 1097 2036 acris
1110 1991 1183 2036 terre
1199 1998 1265 2036 cum

157 2069 339 2141 pertinencijs
358 2071 387 2124 in
407 2071 597 2143 Cantebrigia,
611 2073 792 2140 Bernewelle,
809 2071 993 2137 Newenham‚
1007 2080 1035 2125 et
1054 2071 1090 2125 de
1108 2080 1173 2125 octo
1192 2070 1264 2125 acris

158 2167 231 2212 terre
247 2176 312 2213 cum
327 2159 508 2232 pertinencijs
525 2161 554 2215 in
572 2162 680 2215 eisdem
693 2159 766 2215 villis
783 2159 857 2215 sicut
874 2158 1015 2229 predictus
1034 2160 1175 2213 Robertus
1188 2159 1264 2227 dicit,

158 2247 204 2300 vel
223 2246 247 2301 si
270 2246 347 2302 idern
366 2248 494 2303 Thomas
513 2248 642 2303 ieoffauit
660 2248 818 2318 predictum
838 2248 964 2303 Priorem
982 2247 1018 2301 de
1037 2246 1170 2317 predictis
1189 2256 1265 2301 tene-

158 2334 270 2402 mentis,
288 2346 317 2391 et
336 2336 429 2407 ipsum
446 2354 497 2407 per
513 2338 631 2407 longum
649 2348 761 2408 tempus
779 2349 847 2393 ante
866 2347 986 2393 mortem
1004 2354 1085 2391 suam
1103 2337 1140 2391 de
1157 2336 1266 2391 eisdem

158 2424 326 2479 tenementis
339 2425 368 2478 in
381 2424 538 2496 plenariam
550 2442 701 2493 saysynam
713 2425 807 2495 posuit
821 2424 892 2481 sicut
905 2424 1048 2495 predictus
1063 2424 1142 2479 Prior
1154 2424 1229 2479 dicit

213 2513 251 2566 Et
272 2521 303 2566 tu
325 2512 387 2584 ipse
407 2522 474 2567 tunc
498 2514 538 2569 sis
559 2512 597 2569 ibi
620 2513 765 2568 auditurus
790 2512 925 2568 iudicium
949 2522 1030 2567 tuum
1051 2512 1087 2566 de
1110 2512 1165 2567 hoc
1189 2511 1266 2582 quod

159 2598 301 2669 predictos
322 2608 410 2655 testes
429 2611 457 2654 et
475 2599 584 2669 juratos
606 2618 702 2655 coram
720 2599 884 2670 justiciarijs
905 2600 1008 2655 nostris
1031 2600 1106 2670 apud
1125 2601 1266 2654 Westmo·

159 2688 313 2743 nasterium
344 2689 372 2743 in
403 2690 528 2743 crastino
558 2690 726 2743 Animarum
756 2690 853 2744 venire
881 2705 938 2743 non
968 2689 1082 2757 fecistis,
1112 2689 1185 2743 sicut
1214 2688 1266 2743 tibi

160 2785 324 2847 preceptum
343 2776 404 2843 fuit,
424 2778 491 2847 quia
510 2786 570 2831 tam
591 2775 734 2847 predictus
757 2777 837 2830 Prior
855 2792 942 2847 quam
963 2776 1105 2846 predictus
1126 2776 1266 2830 Robertus

160 2865 234 2919 inter
254 2882 325 2935 quos
350 2873 393 2919 est
417 2864 484 2919 inde
505 2866 654 2920 contencio
675 2875 829 2934 posuerunt
854 2882 884 2920 se
906 2866 936 2919 in
957 2864 1081 2935 juratam
1106 2866 1191 2919 illam.
1229 2865 1266 2919 Et

160 2953 267 3007 habeas
287 2952 326 3007 ibi
346 2951 465 3006 nomina
485 2952 696 3021 recognitorum
712 2961 740 3007 et
760 2952 814 3007 hoc
832 2952 925 3007 breue.
963 2955 1049 3007 Teste
1067 2948 1219 3023 G[ilberto]
1230 2952 1267 3006 de

161 3040 311 3095 Prestone¹
324 3040 400 3111 apud
412 3040 697 3095 Westmonasterium
709 3040 755 3094 xii.
769 3041 816 3095 die
831 3041 1007 3095 Decembris.

336 3214 385 3276 26.
429 3212 595 3277 Placitum
616 3221 729 3276 contra
750 3211 884 3277 medem
906 3212 1091 3276 Robertum.

227 3350 426 3433 Preceptum
453 3349 515 3415 suit
540 3350 727 3414 vicecomiti
757 3349 849 3433 quod
880 3350 993 3414 uenire
1023 3349 1123 3412 iaciat
1153 3368 1265 3412 coram

161 3453 358 3539 Justiciarijs
388 3463 459 3531 etc,
491 3455 674 3518 Henricum
704 3454 747 3518 de
778 3453 955 3532 Childerle,
986 3453 1192 3517 Willelmum
1223 3453 1267 3516 de

163 3560 284 3638 Stowe,
312 3559 482 3641 Rogerum
508 3560 552 3623 de
579 3559 717 3641 Wykes‚
744 3558 930 3623 Robertum
953 3560 996 3623 de
1024 3558 1150 3623 Sancto
1177 3557 1267 3621 Ead-

162 3663 297 3741 mundo,
309 3662 527 3726 Eustachium
542 3664 713 3745 Dunning‚
726 3663 890 3727 Leonium
908 3662 1079 3745 Dunning,
1094 3671 1128 3726 et
1143 3661 1268 3743 Johan-

161 3788 239 3831 nem
262 3766 304 3830 de
328 3766 455 3843 Toites,
477 3775 579 3829 testes
607 3767 797 3830 nominatos
823 3768 855 3829 in
879 3767 1026 3849 quadam
1050 3775 1142 3829 carta
1165 3784 1267 3848 quarn

162 3872 255 3937 Prior
276 3872 320 3935 de
343 3871 544 3935 Bemewelle
566 3871 599 3935 in
623 3871 714 3935 curia
734 3871 862 3936 domini
885 3871 988 3954 Regis
1009 3868 1135 3952 prosert
1155 3889 1267 3933 coram

159 3975 351 4062 justiciarijs
374 3976 437 4039 sub
458 3976 593 4038 nomine
616 3975 748 4038 Thorne
770 3975 904 4057 Tuylet,
920 3982 954 4038 et
976 3982 1087 4056 preter
1110 3972 1184 4036 illos
1200 3971 1267 4053 xij.

161 4092 231 4145 tam
249 4080 370 4144 milites
386 4089 446 4143 etc.
462 4088 533 4143 tarn
549 4078 730 4144 forinsecos
746 4100 847 4163 quarn
864 4080 907 4147 de
922 4080 1030 4162 burgo
1046 4077 1268 4159 Cantebrigie,

163 4184 374 4260 Bernewelle,
391 4184 609 4261 Newenham‚
624 4204 684 4267 per
703 4204 788 4267 quos
809 4185 855 4249 rei
878 4185 1000 4248 ueritas
1020 4192 1071 4247 est
1087 4191 1147 4245 etc.
1164 4180 1269 4262 etqui

161 4312 224 4359 nec
251 4291 437 4354 Robertum
464 4300 526 4353 etc.
554 4288 597 4353 ad
621 4290 930 4372 recognoscendum
958 4299 1018 4351 etc.
1046 4287 1073 4351 si
1101 4284 1269 4370 predictus

255 4418 265 4453 ¹
282 4420 409 4485 Probably
419 4418 519 4470 Gilbert
531 4420 647 4477 Prestou.
657 4420 748 4485 justice
760 4419 790 4477 oi
797 4419 841 4477 the
854 4420 944 4486 lting’s
956 4418 1051 4481 Bencb,
1064 4418 1090 4467 d.
1106 4432 1176 4481 ¹²74·

1111 4518 1189 4579 8-2
