3234 5059
154 361 216 460 111]
337 362 448 462 Story
474 365 522 460 os
537 364 688 438 Enon'c
714 365 757 438 de
782 365 1057 441 Rocheclrouort
1193 389 1256 458 151

272 645 322 710 70.
366 629 418 693 De
440 630 597 714 magistro
619 630 782 694 Emm’cio
803 631 843 693 de
864 629 958 712 Rupe
982 629 1146 695 Cawardi.

221 783 369 868 Quidam
386 785 522 849 clericus
538 785 725 867 alienigena
742 794 881 848 uocatus
903 786 1062 867 magister
1077 784 1262 846 Emericius
1275 787 1373 880 {pige
1395 851 1409 880 e

153 889 196 951 de
214 888 311 972 Rupe
328 889 495 954 Cawardi¹
511 889 736 973 deprehensus
755 889 816 953 luit
833 891 864 953 in
882 889 959 953 villa
976 888 1188 971 Cantebrigie
1203 908 1262 970 per
1276 889 1412 981 §goffia

154 993 329 1058 dominum
360 994 543 1058 Henricum
571 994 613 1057 de
643 994 828 1077 Hastinges
853 995 885 1057 in
913 1003 1063 1076 tempore
1089 1014 1205 1076 guerre
1228 1003 1262 1056 et

154 1099 276 1160 carceri
304 1099 522 1181 mancipatus.
569 1095 635 1180 Qui
663 1118 739 1160 cum
769 1098 894 1160 diceret
921 1118 956 1161 se
987 1117 1085 1179 posse
1114 1097 1262 1161 inuenire

155 1201 364 1267 fideiussores
388 1203 589 1267 sufficientes
612 1203 654 1266 de
678 1202 912 1285 redempcione
935 1223 995 1264 sua
1019 1201 1180 1278 iacienda,
1203 1201 1262 1264 ad·

154 1306 275 1370 ductus
290 1315 341 1369 est
357 1308 516 1389 usquead
534 1316 665 1390 portam
677 1308 720 1369 de
734 1306 935 1369 Bemewelle
948 1305 1088 1368 uinculis
1099 1307 1262 1380 astrictus,

154 1411 353 1494 rogauitque
377 1411 524 1475 Priorem
547 1411 735 1493 Julianum²
761 1409 931 1474 humiliter
953 1411 1043 1492 quod
1067 1409 1262 1473 fideiuberet

154 1533 216 1595 pro
231 1534 278 1578 eo,
311 1513 379 1578 Sed
398 1514 490 1577 Prior
506 1513 621 1590 noluit,
632 1524 703 1579 tum
719 1513 798 1596 quia
814 1514 1010 1596 alienagena
1020 1513 1094 1595 (sic)
1110 1513 1180 1590 fuit,
1189 1524 1261 1577 tum

154 1618 233 1698 quia
256 1617 402 1682 instabat
426 1627 558 1701 tempus
583 1638 707 1700 guerre,
753 1619 799 1682 Et
822 1619 869 1680 sic
892 1618 1057 1681 adductus
1081 1627 1152 1681 erat
1172 1616 1261 1681 idem

154 1721 313 1804 magister
344 1742 448 1804 usque
479 1724 511 1784 in
544 1721 806 1805 Sull[olchiam],
836 1731 870 1786 et
900 1723 1021 1785 carceri
1052 1723 1262 1805 mancipatus

154 1846 327 1910 quousque
354 1849 449 1891 suam
477 1827 555 1891 lecit
582 1829 860 1910 redempcionem.
908 1828 1083 1892 Liberatus
1109 1847 1189 1891 uero
1218 1829 1261 1891 de

153 1932 287 2012 prisona
317 1932 484 2015 profectus
517 1933 669 2008 London,
700 1943 885 2016 expectans
915 1933 1063 1996 feliciora
1099 1942 1260 2014 tempora.

155 2033 368 2098 Adueniente
398 2057 478 2100 uero
509 2047 660 2119 tempore
690 2039 782 2119 pacis
814 2038 892 2101 fecit
921 2038 1016 2100 citari
1045 2038 1191 2101 Priorem
1219 2037 1262 2100 de

155 2139 357 2204 Bernewelle
384 2161 496 2206 coram
521 2141 689 2224 judicibus
716 2143 783 2205 suis
812 2142 982 2224 delegatis,
1007 2151 1125 2223 petens
1152 2141 1261 2204 abeo

153 2251 287 2304 centum
316 2241 415 2306 libras
442 2244 676 2325 sterlingorum
704 2265 744 2307 eo
771 2245 872 2325 quod,
898 2263 974 2306 cum
1001 2242 1138 2305 clericus
1164 2251 1261 2318 esset,

154 2346 269 2410 debuit
295 2367 372 2410 eum
401 2347 558 2412 liberasse
583 2350 626 2413 de
650 2348 803 2412 manibus
828 2348 1036 2411 inimicorum
1060 2367 1205 2421 suorum,
1227 2355 1261 2410 et

154 2450 269 2514 noluit.
316 2452 408 2515 Prior
423 2473 502 2516 uero
518 2453 720 2518 defendebat
736 2474 772 2517 se
787 2452 933 2529 uiriliter,
949 2461 982 2516 et
998 2452 1096 2516 datus
1112 2461 1162 2515 est
1177 2451 1262 2515 alius
1324 2499 1327 2504 -

154 2555 226 2618 dies
245 2556 353 2619 eidem
375 2556 478 2620 Priori
499 2557 573 2622 loco
588 2579 656 2640 quo
672 2559 771 2639 prius
788 2557 832 2620 ad
848 2558 1074 2639 recipiendum
1091 2567 1125 2622 et
1140 2557 1260 2622 lacien-

154 2659 234 2722 dum
258 2659 349 2742 quod
372 2658 427 2741 jus
451 2661 636 2725 dictauerit.
683 2661 897 2744 Perpendens
921 2663 1013 2726 Prior
1035 2663 1148 2745 itaque
1170 2661 1261 2745 quod

154 2783 221 2826 non
253 2772 384 2845 poterat
415 2763 459 2826 ibi
491 2762 547 2826 diu
581 2764 710 2847 litigare
739 2767 811 2828 sine
842 2765 1010 2829 laboribus
1040 2777 1074 2830 et
1104 2767 1261 2849 expensis

152 2869 369 2950 grauioribus,
392 2866 470 2931 fecit
491 2888 567 2930 cum
592 2870 712 2933 eodem
735 2870 896 2951 magistro
919 2890 1036 2953 pacem
1061 2891 1121 2953 pro
1144 2873 1260 2935 decem

153 2971 243 3034 libris
268 2971 499 3052 sterlingorum
522 2992 605 3054 quas
626 2973 655 3035 ei
678 2973 778 3037 soluit
800 2973 885 3038 infra
905 2974 1006 3038 breue
1027 2984 1167 3058 tempus.
1215 2976 1261 3041 Et

152 3073 309 3137 sustinuit
341 3071 434 3135 Prior
464 3073 625 3137 iacturam
656 3084 690 3139 et
720 3077 907 3158 dampnum
937 3075 1027 3140 vnde
1063 3077 1155 3160 prius
1192 3100 1259 3143 non

153 3179 315 3242 habuerat
338 3176 612 3243 emolumentum.

255 3449 305 3514 71.
350 3433 402 3497 De
414 3435 549 3517 placitis
571 3435 607 3498 in
631 3435 743 3499 itinere
754 3435 1022 3518 Jirstr'ciorrorum
1043 3457 1151 3500 coram

304 3537 434 3600 domino
450 3535 602 3620 Jolrannr
623 3537 663 3599 de
694 3537 841 3602 Vallibus
861 3547 894 3600 et
913 3537 1008 3621 socrjrs
1029 3538 1108 3602 suos.

218 3690 322 3754 Anno
349 3691 441 3774 regni
469 3691 555 3772 regis
579 3691 757 3754 Eadwardi
902 3691 1059 3755 sederunt
1083 3692 1257 3776 justiciarij
1271 3707 1424 3800 drhio⁸2⁸m⁸⁸

153 3793 346 3855 itinerantes
388 3791 431 3854 ad
474 3790 629 3855 Castrum
672 3792 888 3874 Cantebrigie
932 3794 1059 3857 scilicet
1102 3795 1257 3859 dominus
1269 3808 1392 3900 tffigt

151 3893 350 3980 j[0hannes]
374 3897 418 3958 de
441 3893 618 3971 Vallibus³‚
643 3894 832 3958 Willelmus
852 3897 894 3960 de
917 3895 1066 3974 Saham⁴,
1088 3897 1258 3980 johannes
1272 3908 1410 3950 whocme

199 4029 208 4060 ¹
227 4031 426 4088 Rochechouart,
437 4046 453 4079 a
464 4037 532 4080 town
544 4031 570 4079 in
583 4031 679 4080 France
691 4031 919 4093 (Heme-Vienne).

196 4110 208 4143 ¹
223 4113 280 4163 The
290 4129 365 4163 name
376 4113 398 4163 is
409 4113 543 4164 elsewhere
554 4114 653 4164 written
662 4114 776 4180 Jolanus.

198 4195 210 4227 ³
224 4197 293 4262 John
308 4197 341 4247 de
356 4197 429 4246 Vaux
441 4213 492 4247 was
505 4197 641 4262 appointed
654 4198 744 4262 justice
759 4199 876 4248 itinerum
891 4198 917 4247 in
936 4199 1013 4262 12783
1036 4199 1087 4248 aod
1102 4199 1128 4249 io
1148 4200 1258 4263 1282-3,

150 4279 259 4329 steward
270 4278 300 4328 ol
307 4279 452 4344 Aquitaine.
488 4280 531 4328 He
542 4278 601 4330 died
617 4281 687 4330 1288.

199 4359 294 4410 ⁴Wm.
310 4361 343 4411 de
360 4361 454 4412 Saliam
470 4361 506 4426 (ln
523 4362 642 4424 Norlolk)
658 4378 709 4412 was
726 4361 808 4412 raised
823 4372 850 4413 to
867 4362 911 4412 the
925 4363 1008 4412 bench
1024 4379 1057 4412 on
1073 4363 1117 4412 tbe
1131 4363 1259 4414 aoeemion

150 4443 179 4494 of
188 4443 298 4493 Edward
311 4445 332 4493 1.
368 4444 397 4492 ln
414 4444 518 4512 1289he
530 4444 619 4495 shared
631 4445 674 4495 the
685 4445 798 4510 disgrace
810 4445 840 4506 ol
848 4462 924 4511 many
934 4445 1010 4495 olbis
1020 4445 1148 4496 bretbren.
