3234 5059
373 353 443 438 146
558 347 698 421 Action
725 345 765 419 z'n
793 354 933 444 respect
956 346 1004 443 of
1019 373 1043 420 a
1069 345 1153 420 loun
1169 346 1280 443 from
1355 343 1474 443 [Boon

491 643 541 706 66.
588 641 638 706 De
658 653 765 708 strata
787 643 947 727 amplrbta
961 653 1024 726 per
1037 653 1221 726 preceptum
1243 643 1353 726 Regis.

205 788 355 889 {fflffi
436 797 779 880 Famapostmodum
802 798 955 880 peruenit
976 797 1019 860 ad
1041 818 1136 861 aures
1161 797 1263 880 Regis
1288 793 1472 880 E[dwardi]

203 899 325 990 ξὲξρω,
369 902 412 964 de
428 911 535 966 morte
556 913 786 978 mercatorum,
806 911 841 966 et
861 902 904 966 de
925 902 999 966 loco
1017 902 1074 966 ubi
1096 911 1190 966 erant
1208 902 1317 978 occisi,
1338 911 1372 963 et
1390 900 1473 962 exiit

203 987 312 1088 ἓξὲξ,
368 1005 514 1069 edictum
542 1027 601 1088 per
625 1026 742 1070 omnes
769 1007 948 1071 comitatus
974 1005 1099 1089 Anglie
1124 1007 1214 1090 quod
1240 1025 1357 1069 omnes
1382 1003 1473 1067 bosci

202 1088 349 1181 lo'ffil‘tlil
369 1129 429 1191 per
443 1130 527 1192 quos
543 1111 701 1174 transitus
722 1110 908 1172 communis
929 1120 1000 1172 erat
1020 1130 1065 1172 ex
1081 1119 1219 1192 vtraque
1239 1117 1334 1191 parte
1354 1106 1473 1188 regalis

202 1189 310 1290 lidi&
368 1213 511 1276 chemini
538 1234 642 1297 usque
669 1215 711 1277 ad
740 1213 950 1278 latitudinem
977 1214 1155 1295 sexaginta
1181 1213 1304 1295 pedum
1332 1220 1473 1293 proster-

203 1289 342 1383 bemissoiie‘i·
368 1329 531 1394 nerentur‚
562 1329 596 1382 et
625 1329 788 1384 statutum
819 1329 890 1383 erat
920 1329 1053 1403 tempus
1083 1329 1209 1383 certum
1247 1317 1391 1382 dominis
1429 1314 1471 1378 ad

202 1388 328 1480 ΜΨ
367 1422 604 1487 succidendum
628 1424 690 1487 sub
713 1423 921 1488 forisfactura
942 1425 1045 1507 graui.
1091 1423 1191 1506 Quod
1218 1423 1357 1486 audiens
1381 1419 1474 1483 Prior

367 1525 443 1589 secit
473 1536 638 1608 prostrare
668 1527 801 1591 arbores
831 1538 960 1591 stantes
989 1548 1089 1610 super
1119 1527 1281 1592 fossatum
1312 1525 1413 1602 bosci,
1438 1533 1473 1587 et

366 1650 529 1713 coequare
552 1642 585 1695 et
608 1632 746 1714 implere
767 1632 938 1708 fossatum,
959 1643 994 1697 et
1014 1634 1128 1696 omnia
1149 1632 1285 1696 arbusta
1305 1631 1473 1693 eradicare

365 1755 471 1818 usque
497 1737 539 1800 ad
567 1735 777 1801 latitudinem
805 1737 876 1800 ‚lx.
904 1738 1039 1819 pedum,
1065 1757 1107 1799 ne
1134 1737 1218 1799 sorte
1248 1735 1409 1798 incideret
1439 1733 1472 1795 in

367 1859 485 1902 manus
510 1839 620 1922 Regis.
667 1841 796 1904 Eodem
826 1841 927 1904 modo
954 1839 1031 1903 fecit
1054 1839 1242 1902 Willelmus
1270 1838 1473 1919 Baldewyne

365 1941 408 2006 de
423 1944 525 2006 bosco
540 1964 601 2006 suo
616 1965 661 2006 ex
677 1943 781 2007 altera
797 1952 892 2025 parte
908 1943 1027 2026 regalis
1042 1943 1196 2019 chemini,
1211 1951 1244 2006 et
1260 1942 1307 2006 sic
1327 1941 1473 2004 securius

366 2046 410 2108 ibi
427 2049 556 2110 uadunt
572 2058 782 2111 transeuntes
797 2068 900 2131 quam
917 2049 1029 2130 prius¹.

422 2313 473 2392 67.
518 2311 683 2376 Placitum
705 2321 816 2376 contra
837 2321 1011 2375 executores
1041 2309 1229 2394 melmi]
1253 2309 1417 2373 Kilkenni
1468 2403 1475 2410 .

581 2415 730 2498 Episcopi
750 2415 901 2497 Elyensis
922 2416 1106 2479 decentum
1129 2416 1255 2479 mrcis.

199 2579 350 2672 ffigleffln·
430 2569 688 2633 Memorandum
701 2571 791 2652 quod
804 2590 894 2632 anno
906 2570 1034 2634 domini
1050 2575 1130 2632 .m⁰.
1141 2575 1207 2633 cc⁰.
1223 2568 1470 2651 septuagesimo

200 2687 344 2773 {ffifffge
363 2673 465 2736 tercio
488 2674 521 2735 in
544 2674 690 2736 crastino
713 2674 820 2736 sancti
843 2672 996 2736 Nicholai
1019 2673 1108 2755 apud
1132 2673 1267 2738 Nouum
1290 2671 1469 2753 Templum

200 2778 518 2884 {3¹}{nffiy2110ssd01b
547 2797 658 2839 coram
691 2777 785 2838 nobis
817 2777 977 2859 magistro
1007 2776 1160 2840 Arnaldo
1190 2776 1233 2840 de
1262 2775 1353 2839 Alba
1383 2786 1471 2838 terra

199 2882 327 2974 ffigirtffid
363 2882 524 2945 canonico
540 2880 776 2956 Albaterensi²,
792 2881 1020 2944 commissario
1036 2881 1186 2963 magistri
1204 2881 1412 2962 Reymundi⁸
1427 2879 1470 2944 de

200 2981 351 3074 ffi‘ffl‘
365 2986 519 3068 Nogerijs
549 2985 676 3049 domini
709 2985 799 3066 Pape
826 2984 998 3066 capellani,
1024 2985 1113 3047 sedis
1139 2985 1322 3067 apostolice
1349 2985 1469 3060 nuncii,

199 3082 294 3185 {iffi
363 3091 548 3174 comparuit
576 3090 734 3171 magister
761 3087 950 3153 Willelmus
978 3089 1020 3152 de
1042 3088 1246 3172 [Kilkenni⁴]
1277 3099 1470 3171 procurator

363 3204 580 3258 executorum
597 3193 683 3255 bone
700 3193 858 3254 memorie
871 3192 1030 3255 Willelmi
1047 3193 1089 3256 de
1107 3191 1278 3273 Kylkenni
1295 3194 1467 3274 quondam

365 3298 518 3380 Elyensis
541 3296 698 3378 episcopi,
722 3303 838 3358 contra
862 3295 1031 3377 religiosos
1052 3297 1139 3359 viros
1165 3297 1310 3359 Priorem
1334 3306 1368 3359 et
1390 3317 1468 3359 con-

362 3411 501 3465 uentum
532 3401 574 3464 de
606 3399 806 3463 Bernewelle
837 3420 896 3482 per
927 3401 1121 3480 magistrum
1153 3399 1389 3483 W[illelmum]
1426 3399 1468 3465 de

364 3505 518 3568 Norwico
544 3514 790 3588 procuratorem
819 3523 933 3567 eorum
957 3503 1105 3586 legitime
1132 3503 1350 3567 constitutum
1378 3524 1468 3568 com·

363 3620 524 3692 parentes.

356 3877 359 3884 .
410 3836 418 3868 ¹
436 3839 492 3887 The
508 3839 605 3888 Statute
622 3836 651 3887 of
667 3837 824 3888 winchester
841 3839 926 3900 (1285)
944 3837 965 3887 is
982 3837 1105 3902 probably
1120 3845 1220 3894 manu
1240 3835 1285 3885 but
1302 3835 1328 3884 in
1342 3835 1397 3885 that
1412 3835 1468 3885 itis

360 3921 465 3972 enucted
478 3921 558 3970 “that
575 3921 644 3970 there
659 3921 690 3970 be
706 3920 802 3970 neither
818 3920 885 3984 dyke
900 3929 952 3969 tree
967 3935 1013 3969 nor
1028 3919 1092 3969 bush
1107 3918 1225 3981 whereby
1238 3933 1254 3966 a
1269 3933 1328 3966 man
1343 3933 1400 3981 may
1411 3917 1468 3966 lurlr

360 4013 387 4055 to
401 4005 435 4054 do
450 4005 507 4054 hurt
520 4005 607 4054 within
623 4011 673 4052 two
689 4003 802 4053 hundred
815 4003 868 4052 soor
883 4003 912 4051 os
925 4002 968 4053 the
985 4019 1033 4052 one
1048 4003 1101 4052 side
1117 4002 1167 4052 and
1182 4011 1233 4051 two
1244 4000 1357 4050 hundred
1369 3998 1423 4049 foot
1434 4015 1468 4048 on

360 4088 402 4139 the
414 4087 486 4137 other
497 4086 551 4136 side
561 4084 590 4135 of
599 4087 641 4134 the
652 4101 714 4150 way.
720 4082 734 4108 ”
770 4085 871 4144 stubbs,
887 4086 960 4133 Select
972 4085 1097 4142 Charters.
1114 4088 1184 4147 1895,
1198 4099 1223 4148 p.
1238 4095 1295 4145 47⁴·

407 4169 419 4202 ²
435 4171 502 4220 Alba
514 4171 592 4220 Terra
604 4170 625 4219 is
637 4169 760 4233 probably
771 4169 910 4222 Aubeterre
922 4169 947 4217 in
961 4169 1057 4218 France
1069 4168 1224 4228 (Charente).

407 4251 418 4284 ⁸
436 4253 537 4318 Rogeri,
552 4252 623 4304 MS.:
641 4253 685 4300 but
697 4267 738 4316 see
749 4252 839 4310 above,
851 4267 877 4316 p.
892 4267 946 4312 124,
960 4251 1011 4299 end
1022 4251 1113 4300 below.

407 4335 496 4385 *This
519 4351 592 4384 name
614 4334 659 4384 has
682 4334 809 4396 evidently
829 4334 892 4382 been
912 4333 1010 4397 copied,
1033 4333 1067 4396 by
1086 4349 1101 4381 a
1123 4332 1222 4382 clerical
1242 4348 1317 4391 error,
1341 4331 1405 4380 from
1425 4330 1468 4380 the

359 4419 408 4468 line
427 4419 516 4468 below.
