3234 5059
375 347 446 438 318
587 345 707 421 Rents
722 346 826 443 paid
846 354 881 422 to
907 346 1109 422 Barnwell
1130 347 1259 447 Abbey
1360 346 1480 447 [soor

438 532 575 597 Solucio
591 534 782 598 reddituum
799 554 861 617 pro
876 543 964 599 terra
979 535 1022 599 de
1038 535 1234 618 Wygehale.

440 636 590 699 Domino
614 636 665 702 W.
683 637 825 703 Bardols
844 658 1053 721 perannum
1077 660 1146 704 .xx.
1170 639 1325 704 denarios
1349 650 1384 703 et
1406 660 1480 705 scu-

372 739 503 821 tagium
526 761 602 805 cum
626 742 782 806 euenerit.

440 844 527 907 Item
543 845 681 909 domino
699 844 855 929 Philippo
869 844 913 909 de
929 844 1027 909 senne
1043 845 1093 929 .vj.
1109 846 1273 913 denarios.

439 949 526 1014 Item
542 951 687 1032 Johanni
703 953 747 1016 de
763 952 900 1016 Fittone
915 951 968 1034 iij.
984 951 1147 1019 denarios.

440 1052 526 1117 Item
544 1054 647 1117 Priori
663 1056 706 1119 de
721 1055 894 1121 Westacre
908 1076 970 1119 sex
986 1054 1152 1123 denarios.

439 1155 484 1219 Et
510 1156 683 1221 sciendum
706 1157 871 1242 estquod
894 1168 982 1223 terra
1007 1158 1050 1223 de
1076 1159 1288 1243 Wygenhale
1311 1161 1479 1243 obligatur

371 1262 405 1324 in
424 1271 622 1344 perpetuum
645 1266 688 1328 ad
704 1285 746 1328 .x.
763 1284 892 1328 marcas
908 1262 1099 1346 Capellanis
1114 1266 1338 1331 uniuersitatis
1354 1265 1478 1331 Cante-

371 1365 484 1447 brigie.
531 1366 577 1430 Et
599 1368 771 1431 sciendum
792 1368 883 1450 quod
909 1367 1002 1432 Prior
1022 1368 1065 1433 de
1089 1370 1292 1434 Bemewelle
1311 1380 1346 1434 et
1367 1368 1477 1453 plures

371 1470 552 1554 parcenarij
580 1472 630 1535 sui
662 1472 787 1537 debent
814 1471 921 1537 facere
951 1481 1088 1556 pontem
1117 1474 1160 1537 ad
1188 1473 1375 1555 Joneslade
1423 1473 1476 1538 Ita

370 1584 508 1638 vocatur
537 1595 621 1657 pons
648 1576 711 1649 ille,
738 1586 774 1641 ut
800 1576 909 1641 credo.
956 1576 1002 1640 Et
1028 1586 1138 1641 certus
1164 1598 1237 1641 sum
1266 1578 1356 1659 quod
1385 1576 1478 1640 Prior

371 1679 432 1743 suit
459 1680 658 1744 amerciatus
684 1680 727 1744 ad
753 1680 928 1744 dimidiam
957 1701 1113 1757 marcam,
1139 1690 1173 1745 et
1200 1680 1381 1764 parcenarij
1406 1682 1476 1744 eius

370 1781 529 1858 similiter,
543 1782 622 1864 quia
637 1802 722 1865 pons
737 1782 792 1846 ille
808 1782 870 1846 suit
886 1782 1008 1846 fractus
1024 1792 1057 1847 et
1075 1803 1140 1847 non
1156 1792 1337 1865 reparatus.

438 1886 523 1949 Item
555 1886 648 1948 Prior
677 1886 778 1951 debet
804 1886 913 1951 facere
938 1888 993 1951 .ix.
1020 1886 1118 1950 rodas
1149 1908 1249 1969 super
1278 1886 1401 1951 Sedich
1432 1888 1475 1952 ad

370 1989 536 2073 thrigge
556 1990 590 2053 in
612 1991 769 2073 parochia
791 1991 915 2056 Sancte
938 1990 1044 2055 Marie
1067 1990 1187 2055 Moder
1207 1990 1340 2067 Cristes,
1355 2000 1390 2056 et
1405 2013 1475 2055 .xx.

370 2090 469 2154 rodas
485 2089 528 2155 ad
545 2089 777 2174 Gildenegore,
793 2100 827 2155 et
844 2090 887 2155 ad
904 2090 1075 2154 Pokedich
1091 2090 1166 2173 .viij.
1183 2092 1289 2155 rodas.

659 2370 708 2433 28.
752 2368 931 2449 (Redditus
946 2368 1186 2452 particulares.)

435 2496 603 2561 Redditus
625 2496 840 2581 particulares
864 2498 1069 2580 pertinentes
1092 2498 1134 2563 ad
1160 2499 1305 2562 Priorem
1329 2507 1362 2563 et
1386 2498 1474 2563 Con-

368 2617 506 2673 uentum
522 2608 565 2672 de
581 2607 791 2671 Bernewelle

422 2746 468 2797 De
480 2744 593 2798 Abbate
606 2744 642 2798 de
656 2746 784 2799 Derham
797 2745 824 2797 in
840 2744 967 2798 Derham
1192 2744 1283 2814 .xvj.d.
1296 2761 1473 2815 perannum.

423 2834 467 2887 De
480 2831 719 2887 Clerkennewelle
1275 2831 1372 2888 dimid
1386 2850 1472 2887 marc.

422 2919 467 2971 De
480 2917 668 2972 Waterbeche
1297 2918 1376 2989 .xij.s.
1390 2918 1472 2987 .vij.d.

423 3006 467 3059 De
481 3004 579 3059 Risebi
1077 3006 1163 3076 ,iiij-d.
1176 3015 1204 3060 et
1217 3022 1268 3076 pro
1281 3006 1377 3061 warda
1389 3006 1471 3076 ‚xiid

422 3094 456 3147 ln
469 3091 690 3161 Wyuelingham
704 3090 740 3145 de
752 3092 900 3161 mesuagio
909 3092 936 3147 le
947 3091 1086 3147 Clobbere
1098 3103 1126 3147 et
1138 3091 1301 3164 quindecim
1314 3092 1386 3147 acris
1400 3104 1472 3148 terre

367 3178 452 3249 stite
466 3196 517 3249 per
528 3195 644 3245 annum,
657 3178 765 3233 scilicet
777 3178 855 3233 iuxta
866 3178 1041 3248 mesuagium
1054 3180 1193 3249 Johannis
1205 3178 1241 3234 de
1255 3180 1376 3233 Brunne.

252 3279 269 3329 f,
286 3280 355 3343 ¹77¹>
421 3267 467 3320 De
480 3265 604 3320 Ricardo
615 3265 642 3320 le
654 3265 752 3320 fullere
764 3264 800 3319 de
815 3265 988 3319 Huntedone
1203 3264 1281 3335 .iiij.s.
1295 3281 1470 3335 perannum

421 3354 467 3408 De
479 3352 624 3408 Witlelmo
637 3352 673 3407 de
687 3352 813 3408 Stiuelde
825 3352 861 3407 de
873 3352 975 3407 eadem
1412 3355 1471 3425 .ij.s.

421 3442 467 3495 De
478 3441 609 3512 Johanne
623 3440 736 3494 Pollard
748 3440 784 3494 de
798 3438 979 3507 Fendrayton

420 3530 467 3585 De
479 3545 563 3584 uxore
576 3529 687 3583 Thome
700 3527 791 3582 Lomb
803 3527 840 3581 de
852 3527 953 3581 eadem

420 3620 466 3673 De
478 3618 608 3688 Johanne
620 3616 656 3671 de
671 3617 785 3671 Brunue
797 3615 827 3669 in
840 3615 1049 3685 Wiuelingham
1390 3618 1470 3691 adjut

420 3708 466 3761 De
478 3705 642 3759 molendino
656 3704 691 3759 de
705 3706 843 3758 Stantone
1388 3704 1469 3772 sdjui.

419 3794 508 3865 (quod
519 3792 679 3847 Willelmus
691 3791 727 3845 de
741 3790 863 3858 Gryuele
875 3806 950 3843 nunc
962 3800 1039 3843 tenet
1052 3807 1117 3845 cum
1130 3808 1217 3845 ,romu
1231 3792 1304 3845 acris
1317 3792 1410 3858 terre)

421 3885 466 3937 De
479 3880 595 3937 domino
607 3881 643 3935 de
658 3880 820 3950 Ramptone

420 3974 465 4025 De
480 3972 606 4025 Henrico
620 3970 745 4025 Bertelot
758 3969 794 4023 de
808 3966 946 4021 Coteham

420 4062 465 4113 De
475 4058 608 4129 Johanne
620 4058 750 4127 Thurgar
763 4056 792 4109 in
804 4056 906 4110 eadem
1290 4054 1369 4125 ‚iiij.s.
1383 4054 1469 4124 viiju.

420 4147 464 4200 De
479 4144 601 4199 Matilda
613 4144 649 4197 de
661 4143 689 4197 la
703 4142 821 4197 Marche
834 4140 870 4195 de
885 4141 1015 4209 Hystone
1390 4140 1469 4209 .vijs.

418 4236 462 4287 De
476 4234 603 4287 Henrico
615 4232 652 4287 de
664 4232 692 4285 la
706 4231 824 4284 Marche
837 4229 873 4283 de
889 4228 1029 4299 impitone
1386 4227 1468 4297 uitat

418 4326 463 4377 De
476 4322 591 4376 Thoma
606 4322 701 4374 Letice
713 4320 750 4374 de
765 4317 935 4372 Landbeche
1396 4317 1468 4385 .vj.d.

417 4412 462 4465 De
474 4410 586 4463 Thema
600 4410 722 4463 Freman
734 4407 771 4461 de
784 4406 922 4461 Grettone
1170 4403 1251 4473 siju.
1265 4402 1343 4475 [item
1357 4402 1470 4477 quade]
