3234 5059
155 354 212 453 lv]
438 354 604 453 Gascony
629 356 741 428 taken
768 356 812 453 by
836 356 983 429 Franco
1189 383 1207 431 2
1213 382 1255 453 3¹

492 711 543 774 43.
598 692 755 757 Vasconia
770 692 911 775 perdita.

217 842 321 905 Anno
351 843 478 906 domini
510 848 637 905 .m⁰.cc⁰.
669 842 889 925 nonogesimo
921 851 1040 926 quarto
1071 843 1258 926 incipiente,
1273 854 1417 946 {mm

152 948 185 1009 in
217 946 307 1010 curia
337 947 440 1029 Regis
473 945 611 1009 Francie
640 945 851 1010 abiudicatus
881 956 932 1010 est
963 945 1148 1010 Edwardus
1181 948 1257 1011 Rex
1271 954 1390 1046 pomi

152 1048 276 1132 Anglie
291 1050 334 1115 de
347 1060 419 1115 tota
434 1060 520 1114 terra
532 1048 707 1124 Vasconie‚
720 1058 754 1113 et
766 1049 830 1112 hoc
843 1046 1069 1113 fraudulenter
1083 1060 1117 1113 et
1133 1048 1256 1115 dolose.
1270 1055 1374 1155 Qec,

154 1154 238 1219 Inde
264 1166 337 1221 orta
361 1166 412 1220 est
437 1154 604 1219 discordia
628 1156 713 1219 inter
745 1154 873 1237 Regem
906 1152 1032 1237 Anglie
1061 1164 1095 1218 et
1127 1155 1255 1238 Regem
1270 1165 1327 1206 ¹²⁹⁴·

153 1260 180 1322 F
182 1262 298 1325 rancie.
345 1258 501 1343 Quinque
519 1259 679 1342 porticus¹
700 1258 826 1324 faciunt
842 1259 1104 1341 depredaciones
1118 1271 1153 1324 et
1169 1259 1257 1325 belia

153 1366 257 1429 multa
288 1367 320 1429 in
351 1364 443 1429 mari.
489 1365 583 1429 Lane
614 1384 671 1447 per
706 1364 868 1448 Angliam
899 1364 1117 1447 prohibentur
1146 1365 1255 1429 uendi.

154 1469 273 1533 Fames
287 1490 409 1553 magna
425 1469 457 1533 in
474 1478 562 1533 terra
577 1469 755 1533 intantum
772 1471 862 1553 quod
879 1468 907 1551 .j.
921 1468 1083 1533 bussellus
1099 1468 1254 1535 frumenti

152 1573 285 1639 ualebat
295 1576 328 1638 in
341 1574 454 1659 vigilia
465 1573 722 1656 Assumpcionis
732 1572 830 1638 beate
844 1572 946 1636 marie
956 1574 1059 1637 .xxvi.
1071 1574 1102 1637 d.
1126 1574 1255 1657 Quarto
1268 1574 1399 1682 233¹:oe

151 1681 205 1744 die
235 1680 359 1743 mensis
389 1678 468 1763 Julij
500 1698 617 1742 omnes
647 1676 736 1742 coire
766 1697 842 1741 cum
873 1678 1030 1742 thesauro
1059 1698 1118 1761 per
1147 1688 1254 1743 totam
1268 1682 1358 1723 Μ·

152 1784 312 1867 Angliarn
336 1794 406 1849 tam
430 1784 463 1847 in
487 1782 626 1847 ecclesia
651 1802 752 1865 quam
776 1781 854 1845 alibi
879 1802 937 1863 per
960 1782 1127 1845 ministros
1152 1781 1255 1864 Regis

151 1899 229 1953 sunt
258 1889 389 1973 signate
426 1890 468 1953 ad
499 1908 584 1971 opus
616 1886 727 1969 Regis.
773 1885 861 1967 ‚xvij.
894 1886 969 1949 Kal.
1001 1886 1146 1969 Augusti
1178 1886 1255 1950 Rex

150 1994 278 2057 saisiuit
293 1995 474 2079 prioratum
499 1992 542 2057 de
558 1991 759 2056 Bernewelle
779 2010 856 2054 cum
872 1989 1027 2054 omnibus
1042 1989 1255 2075 pertinencijs

151 2098 184 2161 in
208 2118 326 2162 manus
349 2118 434 2173 suas,
454 2096 609 2160 videlicet
632 2117 692 2179 pro
714 2095 846 2160 decima
868 2095 1101 2178 episcopique
1124 2117 1144 2159 a
1167 2105 1255 2160 retro
1267 2115 1405 2207 &mk

150 2201 219 2267 suit.
267 2202 344 2265 Non
371 2199 478 2265 multo
506 2209 581 2282 post
612 2200 742 2264 reddita
772 2209 824 2263 est
849 2199 1016 2263 canonicis
1039 2200 1172 2282 seysina
1195 2221 1254 2284 per
1266 2216 1381 2307 iieiim'

151 2305 251 2369 breue
276 2306 379 2387 Regis
402 2303 444 2367 de
467 2303 641 2380 scaccario,
666 2303 759 2367 cuius
782 2312 877 2367 tenor
900 2303 978 2366 talis
1000 2313 1069 2367 est:
1267 2296 1369 2417 &ritu

204 2434 360 2489 Edwardus
375 2435 434 2487 Rex
447 2433 551 2503 Anglie
564 2443 616 2489 etc.
630 2432 786 2488 vicecomiti
802 2431 983 2501 Cantebrigie
994 2442 1023 2487 et
1040 2432 1255 2503 Huntingdonie

149 2523 277 2578 salutem.
317 2521 390 2592 Quia
405 2522 483 2576 Prior
500 2532 527 2576 et
546 2523 712 2578 Conuentus
731 2521 767 2577 de
781 2521 953 2577 Bemewelle
966 2519 1160 2577 satisfecerunt
1173 2520 1255 2577 nobis

150 2610 186 2665 de
201 2610 322 2679 pecunia
338 2609 448 2666 decime
465 2626 552 2679 penes
570 2608 646 2681 ipsos
663 2609 799 2680 deposite,
812 2626 864 2680 pro
878 2609 958 2663 cuius
974 2609 1086 2664 deiectu
1104 2626 1193 2679 nuper
1204 2609 1255 2664 tibi

149 2699 327 2769 precepimus
345 2697 422 2775 quod
440 2696 598 2753 Prioratum
616 2697 696 2752 illum
712 2713 776 2752 curn
797 2695 930 2751 omnibus
948 2694 1029 2751 terris
1046 2705 1074 2751 et
1086 2695 1255 2753 tenementis

149 2796 178 2841 et
190 2786 280 2842 eciam
296 2785 379 2841 bonis
396 2794 424 2840 et
440 2784 550 2840 catallis
564 2784 621 2840 suis
639 2802 755 2855 caperes
769 2784 796 2840 in
811 2802 927 2839 manum
940 2793 1075 2850 nostram,
1088 2794 1116 2839 et
1127 2801 1164 2841 ea
1175 2784 1255 2839 saluo

149 2874 313 2941 custodires,
338 2874 378 2929 ita
401 2874 478 2945 quod
503 2874 539 2931 de
563 2873 684 2929 exitibus
709 2874 864 2930 eorundem
893 2872 977 2928 nobis
1005 2872 1191 2943 responderes
1217 2872 1254 2928 ad

149 2962 322 3019 scaccarium
344 2972 471 3017 nostrum
493 2962 585 3017 donec
610 2960 685 3017 aliud
710 2963 761 3017 tibi
786 2963 852 3018 inde
878 2961 1094 3033 preciperemus,
1119 2960 1169 3016 tibi
1194 2978 1255 3033 pre-

148 3050 269 3123 cipimus
284 3050 361 3120 quod
377 3050 414 3105 de
430 3050 553 3120 prioratu
571 3050 696 3122 predicto
712 3060 760 3105 aut
779 3051 860 3105 terris
876 3061 925 3105 aut
942 3050 1110 3106 tenementis
1127 3051 1211 3106 bonis
1226 3064 1256 3107 et

148 3140 256 3195 catallis
270 3138 403 3210 predictis
415 3139 546 3195 decetero
560 3140 710 3195 occasione
723 3141 851 3212 predicta
863 3141 892 3194 in
905 3141 984 3195 nullo
994 3150 1023 3195 te
1036 3139 1215 3207 intromittas,
1227 3148 1256 3194 et

148 3230 245 3295 exitus,
259 3228 282 3283 si
295 3245 367 3299 quos
380 3228 445 3283 inde
457 3228 626 3299 perceperis,
639 3229 745 3283 eisdem
760 3230 822 3284 sine
838 3229 978 3284 dilacione
995 3228 1133 3283 restituas
1170 3229 1256 3282 Teste

149 3319 194 3372 W.
209 3314 382 3371 Bathonensi
396 3328 424 3372 et
438 3316 572 3373 Wellensi
587 3315 740 3386 Episcopo,
752 3316 929 3371 thesaurario
942 3315 1061 3385 nostro²,
1073 3316 1150 3387 apud
1162 3316 1255 3370 West·

149 3404 351 3461 monasterium
364 3404 443 3459 .xxvi.
458 3404 503 3460 die
515 3404 580 3475 Julij
594 3422 670 3460 anno
683 3404 762 3475 regni
775 3403 865 3459 nostri
877 3404 961 3475 sociju

321 3650 372 3713 44
417 3578 521 3697 Brerre
542 3631 644 3717 Regis
658 3642 775 3717 patens
796 3632 835 3696 de
856 3630 1081 3715 acquietancia.

203 3779 359 3834 Edwardus
388 3779 434 3835 dei
462 3780 559 3849 gracia
585 3790 639 3835 etc.
665 3777 807 3833 Omnibus
836 3777 874 3833 ad
898 3792 969 3847 quos
994 3784 1139 3845 presentes
1163 3775 1255 3831 littere
1271 3786 1367 3827 uertere

148 3868 325 3937 peruenerint
343 3869 471 3924 salutem.
511 3866 656 3923 Noueritis
669 3884 722 3921 nos
734 3864 875 3937 recepisse
887 3865 923 3919 ad
937 3864 1111 3919 scaccarium
1127 3874 1254 3919 nostrum
1268 3841 1363 3928 3223*

148 3954 195 4011 die
219 3956 403 4011 consectionis
428 3956 605 4027 presencium
624 3955 661 4010 de
686 3952 796 4010 dilectis
821 3952 904 4009 nobis
925 3952 954 4007 in
975 3950 1089 4006 Christo
1110 3950 1206 4007 Priore
1226 3936 1374 4035 etss⁷JJ³¹y’

149 4044 297 4097 Conuentu
310 4044 346 4097 de
364 4044 535 4099 Berneweile
553 4052 714 4113 nongentas
726 4040 826 4111 viginti
840 4051 868 4095 et
880 4039 1004 4111 quinque
1017 4037 1111 4104 libras,
1124 4038 1256 4093 vndecim
1269 4047 1419 4138 beamine

148 4131 262 4199 solidos,
282 4141 391 4202 septem
411 4131 551 4201 denarios,
564 4142 592 4187 et
612 4132 735 4199 obolum,
753 4148 825 4201 quos
845 4129 1003 4184 habuerunt
1023 4126 1052 4181 in
1073 4127 1203 4197 deposito
1220 4127 1255 4227 de
1270 4137 1398 4228 :captor

148 4218 272 4288 denarijs
284 4219 394 4275 decime
407 4218 435 4274 in
449 4219 607 4275 subsidium
620 4231 693 4276 terre
704 4231 801 4275 sancte
815 4234 950 4274 concesse
964 4234 1013 4287 per
1029 4234 1145 4271 manum
1162 4216 1256 4271 fratris
1269 4237 1299 4279 <te
1347 4237 1397 4279 tren

150 4307 265 4363 Roberti
291 4308 327 4362 de
354 4308 498 4363 Hokitone
526 4308 656 4365 canonici
686 4306 814 4363 eiusdem
843 4306 953 4374 domus,
983 4305 1076 4374 ipsam
1104 4304 1256 4375 pecuniam
1272 4286 1404 4380 Pnfflssd

1270 4388 1380 4431 canone.

246 4445 255 4478 ¹
274 4448 323 4499 See
335 4448 424 4507 above,
435 4448 546 4514 Chapter
558 4464 598 4511 4¹·
872 4442 884 4475 ²
900 4446 948 4496 See
959 4446 1048 4505 above,
1063 4460 1088 4509 p.
1102 4460 1157 4511 ²²9·
