3234 5059
170 350 219 452 11]
615 351 830 427 Chesterton
1233 373 1276 447 77

169 539 295 610 prelatus
313 541 397 594 Pater
412 548 509 594 noster
527 539 587 593 Rex
602 538 749 608 Johannes
765 548 832 593 ante
852 537 1065 594 concessionem
1084 546 1113 593 et
1133 536 1279 592 confirma-

169 628 282 683 cionem
306 644 387 682 suam
411 627 453 682 eis
477 626 582 682 factam
607 627 643 683 de
664 626 791 697 predicto
813 627 940 682 manerio
961 626 998 681 de
1020 626 1186 681 Cestertone
1208 624 1280 680 sicut

168 715 327 785 predictum
357 725 401 771 est
430 715 471 769 eis
500 724 679 770 concesserat
707 716 856 769 annuatim
887 714 923 769 de
952 713 1108 771 elemosina
1138 730 1189 767 sua
1219 730 1279 784 per-

168 802 316 874 cipiendis

224 891 424 947 Concessimus
439 892 530 946 eciam
548 908 599 962 pro
616 890 698 946 nobis
712 901 740 947 et
752 892 904 947 heredibus
918 891 1021 947 nostris
1034 892 1110 963 quod
1122 890 1280 945 manerium

168 980 328 1051 predictum
340 980 376 1035 de
387 982 551 1035 Cestertone
564 980 760 1051 inperpetuum
773 981 809 1036 sit
821 981 949 1051 quietum
962 982 997 1035 de
1007 981 1069 1035 visu
1081 978 1172 1033 sranlri
1186 979 1279 1049 plegij.

170 1072 267 1139 Quare
284 1070 413 1123 volumus
427 1078 454 1121 et
470 1068 586 1123 firmiter
602 1068 772 1140 precipimus
788 1070 866 1139 quod
883 1069 1002 1139 predicti
1019 1069 1098 1122 Prior
1110 1075 1137 1121 et
1150 1066 1280 1122 canonici

169 1159 294 1213 habeant
313 1168 341 1213 et
359 1166 474 1212 teneant
492 1156 648 1227 predictam
660 1157 757 1212 villam
776 1158 813 1212 de
833 1158 999 1213 Cestertone
1017 1158 1090 1212 bene
1107 1166 1134 1211 et
1154 1156 1183 1209 in
1201 1172 1280 1226 pace,

168 1248 256 1302 libere
269 1255 297 1301 et
310 1246 411 1314 quiete,
422 1246 530 1315 integre
543 1245 668 1315 plenarie
677 1256 706 1300 et
715 1245 878 1314 honorifice,
889 1263 954 1301 cum
963 1245 1094 1300 omnibus
1104 1243 1280 1299 libertatibus
1293 1247 1310 1295 t.
1325 1258 1354 1309 ²⁷

168 1344 198 1389 et
216 1333 312 1389 liberis
330 1332 582 1388 consuetudinibus
601 1332 659 1387 suis
678 1333 803 1403 quietam
822 1333 851 1388 in
870 1342 1036 1403 perpetuum
1055 1331 1169 1388 derisu
1189 1329 1279 1385 lranlri

168 1421 254 1494 plegii
273 1420 346 1478 sicut
364 1420 522 1491 predictum
540 1430 591 1475 est.

226 1510 291 1565 tliis
321 1510 440 1564 testibus
470 1518 523 1564 etc.
556 1510 664 1564 Datum
692 1527 742 1581 per
771 1526 889 1564 manum
919 1508 1088 1565 venerabilis
1121 1506 1210 1578 patris
1245 1508 1278 1560 R

170 1598 355 1655 cicestrensis
381 1598 531 1669 Episcopi¹
555 1608 583 1653 et
606 1599 774 1654 Cancellan‘i
799 1599 887 1654 nostri
913 1597 1111 1653 terciodecimo
1136 1596 1182 1651 die
1206 1594 1277 1663 Maij

170 1706 247 1745 anno
262 1688 342 1758 regni
361 1687 450 1743 nostri
468 1687 675 1743 terciodecimo.

225 1778 288 1831 Nos
318 1787 413 1832 autern
447 1776 661 1831 concessionem
691 1786 720 1832 et
749 1777 996 1832 confirmacionem
1030 1775 1173 1847 predictas
1204 1783 1280 1829 ratas

171 1866 309 1921 habentes
324 1874 353 1921 et
369 1876 464 1934 gratas
480 1882 530 1920 eas
547 1883 598 1938 pro
614 1867 697 1921 nobis
714 1877 742 1923 et
759 1867 911 1923 heredibus
928 1866 1031 1921 nostris
1043 1866 1177 1937 predictis
1191 1866 1279 1920 Priori

170 1963 198 2007 et
215 1954 359 2009 canonicis
376 1964 403 2010 et
421 1955 631 2010 successoribus
651 1955 710 2009 suis
730 1955 913 2010 concedimus
931 1964 959 2009 et
979 1954 1187 2022 confirmamus,
1207 1954 1279 2008 sicut

170 2051 249 2096 carta
266 2043 393 2113 predicta
411 2042 618 2097 racionabiliter
635 2053 761 2097 testatur.
800 2043 866 2111 Hijs
883 2042 1003 2097 testibus
1019 2052 1071 2097 etc.
1110 2043 1216 2095 Datum
1229 2057 1280 2111 per

170 2147 286 2184 manum
308 2139 434 2185 nostram
455 2130 531 2200 apud
549 2130 836 2185 westmonasterium
854 2130 1023 2185 duodecimo
1042 2132 1088 2185 die
1109 2130 1184 2199 Junij
1203 2145 1279 2184 anno

172 2219 262 2288 Regni
281 2218 370 2273 nostri
389 2218 594 2275 terciodecimo.

257 2416 286 2479 6.
332 2415 528 2479 Inrotulactb
549 2416 598 2479 ad
617 2415 824 2480 Scaccarium
847 2416 886 2480 de
907 2417 1047 2499 quinque
1068 2418 1188 2482 marcis

364 2521 480 2586 solutis
493 2534 558 2605 pro
579 2523 822 2608 confirmacione
843 2522 882 2586 de
906 2522 1088 2588 cestertone.

237 2693 277 2756 ln
308 2713 433 2776 magno
461 2693 587 2757 Rotulo
611 2714 701 2757 anno
726 2695 963 2759 terciodecimo
988 2696 1091 2778 Regis
1120 2696 1278 2762 Edwardi
1292 2691 1375 2783 ξῇξζ
1385 2692 1434 2784 {¹11¹ss

169 2798 358 2861 continetur
382 2799 472 2879 quod
499 2798 590 2861 Prior
615 2800 658 2862 de
684 2798 885 2862 Bernewelle
912 2799 1057 2864 reddidit
1083 2811 1277 2885 compotum
1291 2792 1366 2884 ,ξ’ξζζ
1389 2792 1443 2894 “5¹53

169 2904 213 2966 de
234 2904 383 2985 quinque
410 2902 530 2966 marcis
550 2923 633 2986 quas
656 2903 740 2986 Regi
762 2903 880 2972 debuit
900 2905 942 2969 de
963 2904 1028 2967 fine
1050 2925 1110 2987 pro
1130 2906 1277 2988 quadarn
1292 2891 1425 2983 ξζζξιζῇῆζῐ

170 3005 427 3071 confirmacione
454 3006 617 3071 habenda
666 3008 705 3071 In
731 3007 891 3073 thesauro
917 3008 1069 3073 liberauit
1091 3020 1124 3075 et
1145 3012 1278 3093 quietus
1292 2992 1406 3093 iobii*

170 3120 230 3176 est
1294 3092 1438 3185 Dmecember,

223 3284 398 3341 Eadwardus
422 3284 468 3340 dei
497 3284 592 3355 gracia
615 3296 668 3341 etc.
706 3284 873 3340 vicecomiti
899 3286 1125 3356 cantabrigiensi
1150 3288 1278 3343 salutem.

171 3375 252 3431 Scias
264 3374 341 3445 quod
358 3373 438 3428 Prior
450 3373 486 3428 de
500 3374 669 3430 Remewelle
682 3374 794 3445 quietus
806 3383 849 3428 est
863 3373 899 3428 ad
912 3374 1086 3429 scaccarium
1103 3386 1231 3431 nostrum
1244 3375 1280 3430 de

169 3464 295 3535 quinque
310 3462 414 3517 marcis
430 3479 501 3533 quas
518 3463 601 3518 nobis
617 3462 715 3518 debuit
727 3462 764 3517 de
782 3462 838 3517 fine
851 3479 902 3534 pro
918 3464 1045 3534 quadarn
1061 3463 1279 3520 confirmacione

169 3552 309 3608 habenda
354 3553 393 3607 Et
422 3549 486 3606 ideo
513 3551 565 3607 tibi
595 3551 765 3622 precipimus
788 3552 867 3622 quod
893 3550 930 3606 de
953 3550 1113 3607 demanda¹
1137 3568 1223 3623 quarn
1253 3553 1278 3608 ei

168 3642 240 3697 facis
256 3641 292 3697 de
309 3640 442 3711 predictis
460 3640 583 3695 denariis
599 3640 626 3697 ei
642 3658 742 3711 pacem
760 3641 865 3696 habere
877 3642 1031 3712 permittas.
1070 3642 1107 3697 Et
1120 3642 1216 3696 aueria
1227 3658 1280 3697 sua

169 3729 193 3785 si
210 3721 273 3802 qua
283 3729 392 3801 ceperis
408 3730 558 3785 occasione
573 3728 701 3801 predicta
717 3730 743 3784 ei
760 3729 906 3785 deliberes.
944 3732 1030 3785 Teste
1041 3730 1066 3800 J.
1080 3729 1116 3784 de
1132 3730 1278 3785 Cobeham

168 3818 246 3889 apud
255 3817 556 3873 westmonasterium.
567 3826 633 3886 111⁰.
644 3817 691 3873 die
704 3818 873 3874 Decembris
882 3835 959 3873 anno
971 3817 1050 3887 regni
1061 3817 1134 3888 regis
1145 3818 1278 3874 Edwardi

166 3914 247 3961 ‚xvh

391 4052 400 4084 ¹
419 4051 504 4117 Rslph
515 4050 624 4111 Nerine,
637 4051 677 4116 Bp
688 4050 718 4101 ol
726 4050 874 4103 chichester
888 4066 1057 4115 12²4-1245·

388 4134 399 4165 ¹
414 4135 500 4185 mand’
516 4136 573 4187 MS.
