3234 5059
179 333 240 432 111]
428 337 519 412 Casa
544 341 591 436 of
610 339 767 438 Scutage
788 351 830 415 at
856 342 1029 416 Harston
1215 365 1282 436 155

179 517 240 579 erit
256 521 347 600 quod
365 521 491 584 uenerit
507 533 623 586 contra
634 525 890 607 cyrographum,
903 534 937 588 et
948 534 1029 588 tunc
1041 525 1286 590 adiudicabitur

179 623 301 684 carceri
332 632 365 687 et
396 626 601 690 consiliarius
628 628 706 691 eius.
752 628 854 712 Quod
881 630 1020 693 audiens
1046 629 1216 713 johannes
1242 631 1285 693 de

181 723 451 808 Metheringham
478 729 645 793 subtraxit
671 752 707 795 se
734 733 776 795 de
806 733 876 796 eius
904 733 1050 797 mulieris
1077 734 1224 809 consilio,
1251 743 1284 798 et

180 827 251 909 ipsa
274 827 317 892 de
340 834 581 914 prosequendo,
603 844 637 897 et
661 835 736 898 ideo
760 836 791 898 in
817 837 1041 900 misericordia
1063 847 1124 901 etc.

251 1069 301 1148 76.
346 1069 512 1135 Placitum
536 1073 574 1135 de
594 1075 738 1156 smtagr'o
759 1075 798 1137 de
821 1075 1008 1138 Herltlttone
1028 1074 1214 1158 [Harston].

244 1223 324 1287 Post
355 1236 496 1289 mortem
527 1227 690 1308 Johannis
720 1231 763 1292 de
796 1229 989 1293 Herlistone
1013 1230 1104 1293 venit
1132 1229 1413 1346 ΝἰςεΗιιειξῗινζι(ιο

179 1325 279 1390 frater
308 1329 378 1392 eius
409 1341 442 1393 et
472 1331 567 1394 heres
597 1342 631 1394 et
661 1331 739 1394 fecit
769 1332 964 1414 homagium
1002 1333 1105 1397 Priori
1142 1333 1282 1415 Symoni
1297 1344 1441 1436 ssgffim

177 1451 238 1513 pro
273 1432 413 1496 dimidio
449 1434 537 1497 feodi
576 1435 672 1498 unius
707 1435 821 1499 militis
850 1437 942 1518 quod
972 1436 1015 1501 de
1049 1458 1090 1500 eo
1125 1438 1283 1501 clamauit
1296 1450 1400 1547 22er
1408 1501 1435 1537 to

178 1543 290 1598 tenere
321 1536 353 1600 in
386 1537 589 1616 Herlistone‚
615 1550 649 1602 et
680 1539 757 1604 fecit
788 1540 817 1603 ei
848 1541 1007 1603 releuium
1038 1542 1282 1624 quinquaginta
1296 1546 1431 1637 ffiffi,

177 1638 369 1704 solidorum.
415 1641 573 1706 Processu
599 1644 759 1725 temporis
784 1644 920 1724 petebat
945 1645 987 1708 ab
1013 1665 1054 1708 eo
1080 1646 1173 1708 Prior
1196 1668 1281 1710 .xx.
1296 1646 1417 1738 mem*

177 1743 304 1808 solidos
327 1766 387 1827 pro
410 1748 561 1829 scutagio
586 1748 722 1828 quando
748 1747 900 1810 currebat
926 1750 1108 1811 secundum
1140 1748 1281 1813 sormam
1295 1747 1429 1840 ffiffm

176 1858 266 1912 carte
297 1850 399 1914 Alani
429 1854 472 1915 de
505 1852 698 1916 Herlistone
734 1853 788 1915 aui
823 1853 883 1929 sui,
913 1853 971 1915 sed
1003 1851 1092 1917 idem
1129 1855 1419 1939 Nigellusffiffin,

176 1957 363 2036 scutagium
399 1958 479 2020 dare
514 1958 727 2021 contradixit.
790 1956 1005 2039 Quapropter
1036 1958 1128 2019 Prior
1158 1958 1281 2022 leuauit

176 2059 278 2122 breue
302 2059 405 2142 Regis
430 2082 543 2124 uersus
566 2063 709 2125 eundern
727 2061 897 2142 Nigellum
914 2061 947 2122 in
970 2061 1085 2123 itinere
1106 2060 1281 2142 justiciari-

176 2182 269 2224 orum
287 2173 356 2239 eto,
372 2165 460 2228 vnde
476 2164 672 2228 inrotulacio
687 2164 763 2228 talis
779 2170 857 2228 est¹z

230 2285 256 2336 N
260 2283 359 2353 igeilus
372 2285 408 2338 de
424 2285 585 2340 Herlistone
598 2285 785 2340 summonitus
797 2285 850 2339 fuit
862 2285 899 2338 ad
909 2284 1136 2354 respondendum
1149 2285 1235 2341 Priori
1246 2289 1282 2342 de

177 2372 348 2427 Bernewelle
358 2374 394 2428 de
406 2373 510 2443 placito
523 2374 599 2442 quod
609 2372 694 2427 faciat
706 2373 731 2426 ei
745 2373 962 2428 consuetudines
974 2382 1003 2428 et
1013 2383 1090 2428 recta
1098 2374 1217 2429 seruicia
1226 2393 1281 2446 que

175 2459 199 2513 ei
212 2461 304 2516 iacere
317 2461 402 2515 debet
415 2461 451 2516 de
463 2461 551 2516 libero
565 2473 727 2516 tenemento
740 2478 791 2516 suo
803 2462 880 2532 quod
893 2463 929 2516 de
942 2478 975 2516 eo
989 2472 1065 2516 tenet
1078 2461 1107 2515 in
1119 2463 1279 2519 Harleston

175 2549 212 2602 Et
233 2549 308 2604 vnde
326 2549 394 2604 dicit
413 2551 489 2622 quod
509 2569 573 2606 cum
593 2550 735 2622 predictus
758 2549 887 2620 Nigellus
907 2561 1010 2616 teneat,
1032 2560 1060 2603 et
1078 2550 1114 2604 de
1133 2567 1166 2604 eo
1184 2561 1280 2607 tenere

174 2636 284 2704 debeat,
295 2638 444 2693 dimidium
456 2639 570 2692 feodum
581 2637 676 2692 militis
689 2637 717 2691 in
727 2637 854 2709 predicta
863 2637 930 2691 uilla
941 2654 990 2707 per
1000 2637 1149 2692 seruicium
1158 2638 1279 2694 faciendi

174 2725 199 2779 ei
217 2725 382 2795 homagium
395 2738 422 2780 et
440 2726 559 2781 faciendi
573 2727 597 2781 ei
614 2727 772 2795 scutagium
790 2736 928 2796 quantum
945 2726 1067 2796 pertinet
1081 2729 1118 2780 ad
1132 2727 1280 2783 dimidium

173 2813 288 2869 feodum
300 2814 397 2869 militis
410 2831 474 2868 cum
491 2815 633 2884 acciderit,
647 2825 673 2869 et
686 2833 737 2886 per
749 2815 897 2870 seruitium
911 2815 1033 2870 faciendi
1050 2816 1075 2870 ei
1089 2817 1160 2871 duos
1173 2816 1279 2871 solidos

174 2903 299 2971 quolibet
312 2901 399 2956 tercio
412 2920 487 2956 anno
500 2905 538 2958 ad
550 2903 709 2958 custodiam
722 2903 805 2959 castri
820 2904 856 2957 de
874 2903 1063 2973 Rokingham,
1077 2914 1105 2958 et
1121 2905 1157 2959 de
1176 2904 1278 2975 quibus

174 2990 299 3060 seruicijs
319 2992 434 3061 quidam
450 2992 568 3060 Jolanus
588 2992 733 3062 quondam
754 2990 832 3046 Prior
850 2991 886 3044 de
906 2992 1077 3046 Bemewelle
1095 2992 1279 3062 predecessor

173 3093 240 3133 suus
262 3078 313 3132 suit
332 3077 461 3146 seysitus‚
479 3079 585 3133 scilicet
604 3079 640 3133 de
659 3077 785 3148 predicto
804 3077 938 3147 homagio
956 3088 986 3132 vt
1004 3078 1040 3133 de
1058 3078 1142 3133 feodo
1161 3089 1188 3134 et
1206 3079 1277 3149 jure,

173 3167 249 3220 etde
262 3165 395 3236 predictis
408 3165 534 3234 scutagio
548 3175 576 3220 et
594 3166 704 3220 duobus
721 3165 819 3218 solidis
833 3165 861 3218 in
879 3164 1022 3219 dominico
1039 3183 1090 3219 suo
1103 3176 1133 3220 ut
1146 3168 1181 3222 de
1193 3167 1277 3222 feodo

172 3265 201 3310 et
209 3255 272 3325 jure
280 3255 398 3310 ecclesie
411 3272 461 3309 sue
474 3253 564 3308 sancti
578 3253 671 3323 Egidij
686 3254 722 3308 de
737 3253 907 3308 Bernewelle
920 3263 1047 3322 tempore
1060 3253 1138 3323 pacis
1150 3264 1277 3324 tempore

171 3343 279 3398 domini
304 3340 444 3414 H[enrici]
470 3341 556 3412 Regis
580 3341 669 3411 patris
693 3340 800 3395 domini
828 3341 914 3409 Regis
939 3357 1022 3408 nunc,
1047 3340 1186 3410 capiendo
1210 3342 1277 3397 inde

171 3431 296 3501 explecia
312 3430 349 3484 ad
362 3429 519 3484 valenciam
532 3438 583 3483 etc
626 3429 664 3482 Et
676 3428 753 3498 quod
765 3427 822 3482 tale
835 3426 871 3481 sit
885 3425 932 3495 jus
945 3426 1065 3482 ecclesie
1077 3443 1127 3481 sue
1142 3426 1276 3497 predicte,

172 3521 252 3575 offert
271 3517 339 3575 etc.²

225 3609 263 3664 Et
274 3609 300 3662 N
304 3607 403 3677 igellus
413 3605 490 3662 venit
503 3616 531 3660 et
544 3606 670 3661 defendit
683 3616 745 3672 etc,
757 3613 784 3660 et
797 3603 954 3673 dicitquod
967 3620 1024 3657 non
1037 3612 1148 3659 tenetur
1159 3621 1275 3675 respon·

171 3695 238 3750 dere
255 3697 292 3751 ad
311 3697 365 3750 hoc
384 3697 469 3750 breue
487 3704 548 3760 etc,
563 3693 630 3763 quia
648 3693 725 3746 nulla
741 3693 806 3746 talis
823 3691 890 3744 villa
908 3701 950 3744 est
969 3691 998 3743 in
1017 3689 1153 3744 comitatu
1172 3691 1274 3746 Cante-

170 3787 259 3859 brigie
279 3803 334 3858 que
353 3796 469 3840 vocatur
490 3783 679 3837 Hardlestone
699 3780 806 3835 scilicet
826 3795 891 3834 cum
911 3779 936 3832 d

237 3896 324 3979 Quia
341 3870 451 3976 'igitur
477 3891 531 3955 die
557 3891 755 3972 precedente
782 3908 842 3971 per
867 3886 1008 3951 eandem
1037 3885 1272 3968 excepcionem

170 4000 234 4064 ruit
254 3997 425 4081 quoddam
446 3996 547 4059 breue
564 3996 596 4057 in
618 3994 735 4057 eadem
757 3992 855 4065 curia,
872 4010 1007 4052 necesse
1028 3989 1088 4053 tuit
1108 3990 1199 4072 quod
1219 3989 1275 4054 illa

169 4105 329 4186 excepcio
346 4101 543 4164 allocaretur
558 4119 617 4181 per
629 4096 836 4179 justiciarios,
848 4094 902 4157 uel
917 4092 1007 4176 quod
1024 4094 1085 4175 ipsi
1100 4093 1273 4176 justiciarij

170 4211 336 4273 uariarent
352 4207 385 4269 in
398 4203 532 4288 judicijs
548 4204 623 4267 suis.

478 4341 486 4374 ¹
506 4344 593 4394 Assize
605 4342 673 4401 Roll,
685 4343 735 4391 No.
748 4341 788 4398 86,
801 4340 906 4390 membr.
922 4355 961 4389 rs.

476 4425 487 4456 ²
503 4427 560 4476 The
572 4426 658 4476 record
670 4440 704 4473 on
714 4425 757 4473 the
770 4423 830 4472 Roll
841 4422 904 4471 ends
914 4420 982 4471 here.
