3234 5059
360 335 428 401 116
602 328 680 402 The
706 329 801 403 lond
822 331 870 426 eff
892 330 1050 405 Thomas
1086 331 1215 428 Tuylet
1339 329 1461 429 [Boou

354 513 504 579 Thomas
524 536 607 580 auus
629 516 768 600 predicti
791 517 931 581 Roberti
952 516 1038 599 obijt
1061 518 1206 600 saysitus
1227 526 1287 581 etc.
1309 517 1352 581 de
1374 517 1411 579 L.
1428 523 1461 578 et

355 628 433 683 octo
453 618 536 683 acris
557 630 643 683 terre
663 640 739 684 cum
761 620 975 704 pertinenciis
996 621 1029 685 in
1052 622 1267 704 Cantebrigia
1281 630 1342 685 etc
1364 629 1398 684 et
1418 618 1461 682 de

356 732 434 786 octo
463 724 546 787 acris
576 732 662 787 terre
692 745 766 788 cum
798 724 1012 807 pertinenciis
1043 727 1076 790 in
1108 727 1234 790 eisdem
1264 725 1350 790 villis
1377 724 1462 788 sicut

281 837 342 902 ιιι
357 828 525 911 predictus
557 827 724 892 Robertus
754 829 836 893 dicit
866 828 918 893 vel
949 830 976 893 si
1007 830 1096 893 idem
1133 829 1282 893 Thomas
1312 826 1462 892 feoffauit

356 932 543 1015 predictum
573 933 719 996 Priorem
750 933 792 996 de
821 932 945 996 eisdem
974 935 1174 997 tenementis
1201 942 1235 997 et
1262 934 1371 1016 ipsum
1402 948 1461 1012 per

356 1036 493 1119 longum
510 1045 643 1119 tempus
666 1047 746 1101 ante
765 1047 908 1101 mortem
931 1058 1026 1101 suam
1047 1038 1090 1101 de
1113 1037 1238 1101 eisdem
1261 1033 1461 1100 tenementis

356 1140 388 1204 in
406 1140 589 1223 plenariam
606 1162 787 1224 saysynam
805 1143 917 1225 posuit
932 1143 1019 1206 sicut
1034 1143 1203 1225 predictus
1221 1141 1313 1204 Prior
1327 1140 1417 1203 dicit

191 1272 281 1314 τιιιιι
191 1273 333 1415 ῐτοὲιιιέιι
422 1246 468 1309 Et
491 1246 558 1329 xij.
579 1247 620 1310 de
639 1267 803 1310 consensu
828 1247 976 1330 parcium
999 1247 1096 1311 electi
1119 1267 1186 1312 una
1206 1267 1282 1310 cum
1303 1245 1461 1328 predictis

191 1422 211 1464 'l'
212 1373 341 1475 iiyletwu

355 1350 496 1414 testibus
512 1359 673 1413 venerunt
694 1359 728 1412 et
748 1349 864 1413 dicunt
880 1371 979 1432 super
994 1359 1240 1414 sacramentum
1256 1367 1354 1412 suum
1370 1348 1459 1430 quod

190 1472 256 1515 ιιιι
219 1484 328 1515 ιιιιιιι
316 1449 523 1532 ιριεάἰεῒιιε
547 1450 696 1513 Thomas
719 1471 802 1513 auus
825 1451 965 1533 predicti
991 1450 1129 1514 Roberti
1151 1449 1235 1531 obijt
1254 1449 1399 1531 saysitus
1418 1448 1461 1511 de

190 1523 246 1564 ocri
224 1523 292 1575 eight

191 1585 274 1624 ιιιιις

356 1552 419 1616 illis
439 1562 517 1616 octo
538 1554 622 1616 acris
643 1563 729 1618 terre
749 1575 816 1637 que
836 1554 969 1618 fuerunt
989 1554 1032 1617 de
1053 1553 1152 1618 feodo
1172 1552 1300 1617 domini
1323 1551 1461 1615 Roberti

354 1657 397 1721 de
420 1657 556 1721 Mortuo
578 1656 679 1722 Mari¹
704 1668 737 1722 et
760 1679 826 1722 non
850 1659 893 1722 de
915 1657 990 1723 alio,
1037 1658 1119 1722 Ideo
1141 1659 1387 1721 consideratum
1410 1664 1461 1719 est

355 1761 444 1844 quod
461 1772 632 1844 recuperet
653 1762 730 1826 inde
752 1783 933 1846 saysynam
956 1781 1060 1838 suam,
1076 1771 1110 1826 et
1130 1761 1298 1844 predictus
1315 1760 1407 1823 Prior
1427 1760 1461 1822 in

355 1865 588 1930 misericordia.

422 1967 547 2031 Dicunt
563 1969 668 2032 eciam
681 1969 771 2051 quod
788 1969 956 2052 predictus
968 1967 1117 2032 Thomas
1133 1988 1200 2031 non
1217 1966 1301 2048 obijt
1316 1966 1461 2047 saysitus

355 2070 388 2133 in
410 2071 579 2135 dominico
600 2081 661 2135 etc.
682 2072 725 2136 de
746 2072 904 2155 predictis
921 2072 1109 2155 mesuagijs‚
1125 2081 1158 2135 et
1174 2071 1260 2154 l.viij.
1276 2072 1360 2134 acris
1375 2080 1461 2133 terre

355 2195 431 2238 cum
452 2176 673 2256 pertinenciis,
689 2176 768 2258 quia
788 2176 957 2258 predictus
978 2176 1068 2239 Prior
1091 2197 1150 2259 per
1169 2175 1307 2258 longum
1328 2184 1461 2258 tempus

356 2278 417 2342 tuit
448 2277 525 2342 inde
555 2280 700 2361 saysitus
731 2290 809 2343 ante
840 2289 982 2344 mortem
1010 2281 1150 2363 predicti
1177 2280 1317 2354 Thome‚
1343 2289 1377 2342 et
1403 2298 1462 2360 per

355 2381 594 2446 seofamentum
607 2381 755 2446 eiusdem
769 2382 907 2446 Thome.
948 2383 1030 2446 Ideo
1045 2383 1292 2446 consideratum
1307 2381 1459 2464 estquod

355 2485 523 2570 predictus
548 2485 715 2550 Robertus
741 2486 857 2550 nichil¹
879 2487 990 2569 capiat
1013 2508 1071 2570 per
1093 2487 1194 2550 breue
1217 2485 1305 2550 istud
1333 2485 1390 2548 sed
1418 2485 1461 2548 sit

355 2590 388 2655 in
410 2590 635 2655 misericordia
656 2610 717 2673 pro
740 2590 825 2654 salso
845 2591 999 2668 clamore,
1022 2601 1056 2656 et
1078 2592 1247 2674 predictus
1271 2591 1363 2654 Prior
1383 2590 1462 2654 inde

355 2695 426 2758 sine
450 2694 513 2758 die.

465 2957 514 3025 27.
559 2941 725 3006 Placitum
747 2943 787 3006 de
809 2943 946 3007 Roberto
958 2943 1035 3026 filio
1057 2943 1192 3007 Roberti
1212 2942 1347 3006 Hubert.

252 3169 265 3199 e
302 3169 327 3199 m
421 3119 588 3183 Robertus
604 3117 691 3182 filius
708 3119 847 3183 Roberti
871 3119 1004 3183 Hubert
1025 3121 1111 3202 petit
1125 3139 1239 3183 versus
1256 3119 1401 3184 Priorem
1418 3120 1461 3184 de

235 3220 325 3300 ἕως
355 3219 557 3284 Bernewelle
567 3219 594 3282 .1.
605 3219 669 3284 viii.
683 3239 775 3283 acras
788 3229 874 3282 terre
884 3239 959 3282 cum
973 3221 1184 3303 pertinenciis
1194 3221 1227 3282 in
1239 3219 1462 3303 Cantebrigia‚

189 3320 228 3401 ⁰„
269 3320 340 3400 ‘'fn''
355 3323 565 3400 Bemewelle‚
579 3323 795 3397 Newenham,
807 3332 844 3386 ut
861 3325 910 3386 ius
926 3344 1023 3387 suum
1040 3334 1100 3387 etc.
1117 3323 1160 3387 de
1175 3325 1296 3406 quibus
1312 3323 1461 3388 Thomas

355 3424 479 3506 Tuylet
502 3444 585 3486 auus
607 3422 747 3504 predicti
771 3421 910 3486 Roberti
931 3423 994 3488 suit
1016 3424 1160 3504 saysitus
1180 3423 1214 3485 in
1236 3423 1404 3488 dominico
1424 3433 1461 3488 ut

353 3526 397 3589 de
427 3524 527 3587 feodo
552 3523 607 3586 die
633 3543 700 3604 quo
727 3521 813 3602 obijt
839 3531 899 3585 etc.
923 3530 957 3585 et
979 3522 1069 3586 vnde
1094 3522 1263 3605 predictus
1294 3523 1461 3588 Robertus

354 3628 436 3692 dicit
461 3625 552 3709 quod
580 3625 749 3710 predictus
772 3625 922 3689 Thomas
945 3626 1070 3708 Tuylet
1094 3626 1156 3690 suit
1179 3635 1335 3708 saysytus
1357 3638 1395 3691 ut
1418 3620 1462 3693 de

353 3730 454 3794 feodo
480 3740 631 3813 tempore
657 3731 784 3795 domini
810 3732 896 3813 regis
922 3732 980 3814 qui
1006 3753 1094 3796 nunc
1120 3741 1170 3795 est
1197 3731 1360 3813 capiendo
1383 3733 1462 3798 inde

353 3833 503 3918 expletia
517 3843 578 3898 etc.
618 3835 664 3898 Et
678 3835 721 3898 de
737 3836 811 3918 ipso
827 3835 959 3899 Thoma
974 3836 1147 3900 descendit
1163 3835 1298 3900 feodum
1315 3837 1461 3918 predicte

353 3947 440 4003 terre
456 3937 589 4002 cuidam
611 3938 762 4002 Galfrido
778 3949 816 4002 ut
831 3937 901 4002 filio
915 3950 950 4003 et
966 3939 1089 4016 heredi,
1104 3949 1138 4002 et
1154 3939 1197 4002 de
1213 3940 1285 4024 ipso
1302 3939 1461 4018 Galsrido,

354 4044 434 4127 quia
449 4041 535 4124 obijt
550 4043 622 4107 sine
637 4042 815 4106 heredibus
829 4045 874 4106 de
888 4065 934 4117 se,
949 4045 1082 4107 cuidam
1100 4043 1298 4108 Alexandro
1315 4056 1352 4109 ut
1367 4045 1459 4110 fratri

354 4157 388 4213 et
403 4147 527 4224 heredi,
542 4156 576 4211 et
591 4147 634 4210 de
650 4148 723 4231 ipso
739 4146 940 4211 Alexandro
955 4147 1088 4210 cuidam
1105 4147 1238 4210 Amicie
1252 4158 1289 4212 vt
1303 4151 1406 4213 sorori
1426 4162 1461 4215 et

353 4251 476 4328 heredi,
506 4260 540 4314 et
576 4250 619 4314 de
655 4253 727 4334 ipsa
758 4250 893 4315 Amicia
928 4250 981 4313 isti
1017 4250 1166 4315 Roberto
1200 4252 1257 4334 qui
1291 4273 1379 4316 nunc
1409 4265 1461 4319 est

588 4371 686 4431 ¹mori‚
701 4373 760 4424 Ms.
924 4371 1061 4428 ’redditu
1072 4373 1159 4436 nichil,
1172 4373 1231 4427 MS.
