3234 5059
334 335 407 407 ²50
652 311 851 387 Hundred
869 312 920 409 of
942 311 981 385 T
976 311 1110 408 riplow
1318 308 1437 409 [soon

331 496 430 561 feodo
447 498 594 580 Elyensi‚
614 507 648 562 et
663 498 765 563 debet
785 497 815 579 .j.
831 507 968 573 sectam,
982 506 1017 563 et
1031 496 1075 561 de
1089 496 1218 562 auxilio
1232 497 1438 561 vicecomitis

332 600 441 666 nichil.
485 600 658 681 Iohannes
681 601 711 665 le
729 602 857 683 Moyne
876 600 979 667 debet
1000 601 1030 683 .j.
1046 610 1172 667 sectum
1193 622 1255 683 pro
1277 602 1438 684 episcopo

333 704 469 787 Elyensi
485 714 519 769 et
534 704 577 768 de
592 704 720 770 auxilio
735 706 940 771 vicecomitis
960 704 1070 771 nichil.
1117 704 1247 769 Ibidem
1267 705 1438 788 lohannes

331 806 418 873 tilius
442 807 605 873 Nicholae
629 808 658 873 le
680 808 806 892 Moyne
826 818 919 875 tenet
934 808 976 891 ‚ij.
992 808 1089 873 hidas
1104 819 1191 873 terre
1212 816 1246 872 et
1261 810 1437 875 dimidiam

294 908 296 913 ’
332 932 390 995 per
412 913 606 979 serianciam
628 912 670 979 dc
690 913 830 981 domIno
852 913 947 997 Rege
961 924 996 979 et
1012 934 1078 977 non
1099 922 1179 981 sunt
1196 912 1390 996 geldabiles,
1404 922 1439 979 et
1579 925 1580 942 ¹

332 1036 398 1081 non
415 1018 516 1081 debet
531 1018 695 1085 auxilium
713 1017 946 1101 [vicecomitis]
962 1038 1070 1101 neque
1085 1028 1219 1083 sectam.

401 1120 596 1203 Tnppehwe
611 1120 797 1205 [Triplow].
842 1122 1026 1187 Nicholaus
1041 1122 1084 1187 de
1100 1122 1284 1205 Barington
1301 1132 1394 1187 tenet
1408 1122 1439 1205 .j.

331 1224 445 1291 hidam
461 1233 548 1291 terre
563 1226 604 1291 de
626 1226 726 1291 leodo
745 1228 788 1293 de
810 1226 996 1294 Mandeuill
1017 1227 1229 1311 geldabilem
1243 1238 1279 1291 et
1294 1228 1395 1292 debet
1410 1230 1440 1292 .i.

331 1342 467 1407 sectam,
481 1342 515 1395 et
538 1332 580 1396 de
603 1333 731 1397 auxilio
753 1335 959 1397 vicecomitis
982 1332 1091 1397 nichil.
1139 1333 1268 1397 lbidem
1289 1333 1440 1397 Thomas

332 1436 417 1501 filius
445 1437 580 1501 Henrici
605 1438 706 1503 debet
734 1438 762 1521 .j.
790 1449 926 1515 sectam,
952 1437 1054 1502 etde
1080 1438 1209 1502 auxilio
1236 1438 1440 1502 vicecomitis

332 1542 442 1619 nichil,
453 1553 487 1605 et
497 1554 574 1607 sunt
585 1543 709 1607 ibidem
720 1543 782 1626 .vij.
794 1543 873 1608 hide
882 1542 1074 1627 geldabiles.
1100 1542 1230 1607 Ibidem
1240 1540 1441 1625 l[ohannes]

332 1646 375 1709 de
391 1646 547 1711 Scalariis
562 1646 663 1711 debet
678 1647 707 1729 .j.
723 1656 860 1723 sectam,
876 1648 968 1711 etde
983 1645 1111 1710 auxillo
1127 1646 1235 1711 nichil.

397 1752 548 1817 Fulmere
577 1752 783 1839 [Foulmire].
830 1753 1019 1818 Willelmus
1046 1752 1133 1817 lilius
1161 1752 1320 1817 Richardi
1347 1762 1443 1817 tenet

332 1856 466 1920 feodum
484 1858 613 1921 dimidii
631 1857 747 1921 militis
762 1859 805 1922 de
825 1858 963 1921 baronia
980 1856 1115 1921 Ricardi
1136 1856 1179 1920 de
1195 1854 1390 1931 Munfichet,
1406 1865 1440 1920 et

332 1961 456 2024 ibidem
473 1960 574 2026 debet
589 1960 619 2043 .j.
635 1971 759 2025 sectam
776 1982 878 2045 quam
893 1960 1050 2025 Warinus
1066 1958 1152 2024 filius
1168 1959 1290 2042 Sweyn
1308 1958 1395 2035 lacit,
1407 1969 1442 2023 et

332 2064 374 2129 de
391 2063 518 2129 auxilio
533 2065 738 2130 vicecomitis
755 2087 849 2130 .xx.s.
866 2086 925 2149 per
939 2085 1073 2128 annum.

397 2168 519 2237 Foxton
534 2168 711 2253 [Foxton].
757 2170 942 2234 Abbatissa
957 2170 1000 2234 de
1012 2169 1167 2235 Chateriz
1182 2169 1284 2235 debet
1299 2190 1360 2253 pro
1375 2168 1442 2251 iiij.

334 2284 428 2357 parte
443 2277 471 2338 .i.
484 2274 598 2339 militis
614 2296 688 2351 .v.r.,
702 2285 736 2338 et
752 2274 781 2357 .j.
796 2275 1000 2357 quarterium
1018 2273 1175 2339 frumenti
1190 2296 1252 2359 pro
1267 2284 1358 2338 secta
1372 2294 1443 2339 sua.

336 2379 464 2443 ibidem
482 2378 651 2444 Gallridus
667 2380 709 2443 de
727 2380 847 2443 Baucis
863 2389 955 2445 tenet
971 2379 998 2461 .j.
1016 2379 1131 2444 hidam
1146 2389 1233 2445 terre
1253 2379 1297 2443 de
1316 2379 1442 2443 honore

335 2484 557 2549 Richmondie
588 2494 621 2548 et
648 2505 715 2548 non
742 2494 793 2549 est
820 2484 1006 2568 geldabilis
1032 2495 1067 2549 et
1093 2506 1160 2549 non
1188 2482 1288 2549 debet
1315 2492 1440 2549 sectam

333 2610 442 2673 neque
464 2590 630 2654 auxilium
647 2590 860 2655 vicecomitis.

398 2694 570 2758 Herleston
587 2693 776 2778 [HarstonJ.
822 2695 994 2777 Johannes
1009 2695 1052 2758 de
1070 2693 1182 2778 Burgo
1197 2700 1290 2755 tenet
1306 2692 1441 2757 feodum

335 2800 364 2882 .j.
396 2799 511 2863 militis
541 2800 583 2863 de
614 2797 713 2863 seodo
743 2800 892 2882 episcopi
925 2798 1091 2883 ElyensiS,
1121 2807 1154 2861 et
1185 2796 1311 2860 nullam
1341 2796 1442 2860 debet

335 2912 470 2977 sectam,
486 2922 593 2985 neque
610 2901 774 2965 auxilium
791 2901 1006 2965 vicecomitis.
1053 2899 1183 2964 Ibidem
1208 2898 1377 2964 Gallridus
1400 2898 1443 2962 de

337 3005 491 3071 Scalariis
518 3014 609 3068 tenet
638 3004 772 3069 feodum
800 3004 930 3069 dimidii
959 3005 1074 3068 militis
1100 3003 1142 3067 de
1170 3002 1269 3067 feodo
1297 3002 1444 3077 Peuerel,

336 3121 370 3174 et
393 3110 495 3177 debet
522 3110 551 3193 .j.
575 3120 718 3186 sectam.
737 3119 771 3174 et
798 3112 841 3173 de
863 3110 991 3174 auxilio
1017 3108 1220 3173 vicecomitis
1243 3106 1344 3171 soluit
1366 3128 1441 3170 cum

337 3215 436 3280 feodo
452 3214 638 3298 Gornegan.
686 3215 816 3279 Ibidem
834 3225 926 3280 tenet
942 3214 1070 3280 Walter
1087 3214 1242 3280 Clement
1263 3212 1397 3277 feodum
1414 3211 1443 3294 .j.

337 3319 452 3385 militis
471 3318 515 3383 de
538 3319 636 3385 leodo
658 3319 806 3405 Elyensi‚
826 3330 861 3383 et
882 3320 984 3384 debet
998 3318 1027 3403 .j.
1043 3328 1179 3393 sectam,
1199 3316 1295 3382 etde
1315 3316 1443 3380 auxilio

336 3422 541 3488 vicecomitis
578 3422 643 3505 .ij.s.
702 3422 833 3487 Ibidem
871 3423 914 3487 de
952 3422 1051 3487 leodo
1087 3420 1267 3505 Gernagan
1303 3418 1371 3501 ,ijs
1401 3421 1444 3485 de

337 3521 465 3587 auxilio
488 3520 693 3587 vicecomitis
717 3542 776 3605 per
801 3541 937 3599 annum,
961 3530 995 3586 et
1020 3520 1144 3587 ibidem
1167 3530 1247 3588 sunt
1268 3518 1343 3602 viij.
1366 3519 1445 3600 hide

338 3638 423 3691 terre
438 3624 629 3709 geldabiles.

404 3730 595 3795 Haukeston
618 3730 827 3814 [Hauxton].
873 3731 970 3796 Serlo
994 3731 1037 3796 de
1066 3728 1265 3794 Haukeston
1291 3729 1392 3795 debet
1416 3732 1445 3796 .i.

340 3845 474 3911 sectam,
490 3834 581 3899 etde
597 3834 724 3898 auxilio
740 3836 944 3900 vicecomitis
960 3834 1059 3900 nichil
1080 3844 1115 3898 et
1136 3836 1223 3899 idem
1241 3835 1337 3900 Scrlo
1351 3843 1444 3899 tenet

341 3939 383 4003 de
398 3938 556 4021 episcopo
574 3936 720 4019 Elyensi.
