3234 5059
164 347 196 447 Ι]
502 349 564 447 Os
580 350 720 445 Henry
744 348 805 421 the
830 348 940 421 Fz'rst
1223 368 1242 441 5
1249 368 1268 441 5

164 552 403 616 monasterium
424 552 621 628 construxit,
637 559 670 615 et
692 570 823 613 murum
845 550 931 614 circa
954 549 1095 613 Turrem
1118 548 1271 616 London.

163 654 309 718 Viuente
339 674 419 718 uero
451 653 640 717 Lansranco
670 651 893 735 archipresule
924 652 1102 716 uirtutibus
1137 652 1271 715 deditus

163 756 234 835 fuit,
249 758 308 822 sed
324 778 365 821 eo
386 767 518 821 mortuo
539 756 634 837 uicijs
654 755 844 820 deseruiuit.
892 754 1053 819 Omnium
1070 755 1158 819 enim
1174 754 1270 819 heres

163 862 301 943 cupiens
320 881 401 935 esse,
422 862 635 944 episcopatus
657 870 692 923 et
713 858 869 921 abbacias
891 868 949 922 aut
968 859 1136 924 uendebat
1157 868 1214 923 aut
1236 860 1269 921 in
1282 866 1300 917 l.
1316 868 1370 917 rub

164 983 264 1027 manu
281 984 341 1028 sua
356 964 502 1040 tenebat,
518 973 552 1027 et
566 962 610 1025 ad
626 961 757 1025 firmam
779 962 915 1036 dimisit,
930 962 1018 1026 vnde
1036 963 1090 1026 die
1105 985 1172 1046 qua
1187 963 1271 1028 obiit

163 1068 484 1151 archiepiscopatum
516 1068 800 1142 Cantuariensem,
831 1067 992 1131 exulante
1025 1066 1198 1146 Anselm0‚
1236 1067 1270 1130 in

165 1175 299 1256 proprio
335 1174 539 1257 possidebat,
577 1184 611 1237 et
648 1174 880 1256 episcopatum
919 1173 1199 1255 Wyntoniensem
1237 1182 1271 1237 et

165 1276 456 1359 Sarisbyriensem,
471 1286 505 1340 et
516 1276 571 1340 .xi.
585 1276 741 1339 abbacias
758 1275 800 1338 ad
815 1273 945 1338 firmam
961 1276 1067 1340 datas.
1101 1276 1168 1340 Hic
1179 1276 1271 1340 .xiii⁰.

164 1382 257 1464 regni
283 1381 334 1444 sui
357 1401 455 1457 anno,
480 1381 561 1443 dum
585 1381 617 1442 in
642 1400 730 1443 noua
757 1379 880 1444 foresta
907 1389 1030 1444 uenatu
1058 1390 1146 1443 esset
1172 1400 1268 1443 occu-

163 1496 272 1567 patus,
309 1508 330 1550 a
367 1485 537 1577 Willelmo
580 1484 682 1566 Tyrel
725 1486 885 1568 sagittam
927 1486 1060 1551 incaute
1103 1486 1268 1569 dirigente

164 1612 346 1674 percussus,
370 1592 475 1655 uitam
497 1590 614 1654 finiuit.
661 1591 846 1672 Wyntonie
868 1590 1018 1674 sepultus
1042 1602 1100 1655 est.

441 1767 491 1831 32.
535 1751 587 1814 Dc
608 1750 751 1815 chrico
772 1751 862 1835 Rege
875 1752 996 1834 primu.

231 1889 399 1953 Henricus
419 1888 520 1953 frater
540 1889 611 1952 eius
632 1888 742 1952 iunior
760 1890 920 1954 successit
935 1890 975 1967 ei,
990 1892 1048 1973 qui
1067 1891 1184 1955 diebus
1201 1891 1272 1955 istis
1287 1912 1321 1955 or
1329 1913 1377 1955 xrn

164 2002 305 2056 uocatur
336 1993 503 2056 Henricus
533 1992 651 2056 senior.
710 1991 777 2055 Hic
807 1992 982 2057 ecclesiam
1014 1994 1153 2058 liberam
1184 1964 1432 2105 seciusflfficriio

164 2098 422 2162 consuetudines
445 2118 567 2180 prauas
590 2107 624 2162 et
647 2099 843 2163 exactiones
865 2099 1011 2177 abstulit,
1034 2111 1068 2165 et
1090 2101 1271 2165 earundem
1286 2125 1343 2167 11³⁵·

165 2203 372 2266 inuentorem
390 2202 607 2286 Ranulphum
625 2202 888 2269 Dunelmensem
904 2207 1113 2289 episcopum¹
1129 2207 1273 2271 incarce-

164 2307 259 2371 rauit
298 2307 466 2370 Robertus
477 2307 643 2371 Curthuse
655 2306 756 2371 irater
765 2309 836 2371 eius
848 2309 958 2372 senior
971 2310 1053 2373 Dux
1067 2309 1273 2375 Normannie

164 2408 264 2492 redijt
274 2410 316 2473 de
329 2410 446 2473 itinere
458 2410 753 2486 iherosolimitano,
765 2421 799 2475 et
817 2413 971 2495 Paganus
985 2412 1121 2477 Peuerel
1137 2414 1274 2497 signiter

163 2515 236 2577 eius
251 2534 327 2578 cum
344 2535 391 2578 eo.
432 2514 509 2577 Rex
525 2535 642 2597 pacem
660 2513 789 2580 firmam
802 2537 862 2600 per
878 2537 1016 2599 regnum
1033 2538 1130 2582 suurn
1147 2520 1273 2593 statuit,

164 2626 201 2680 vt
223 2618 280 2700 qui
304 2617 393 2681 furto
419 2619 645 2701 deprehensus
668 2618 774 2697 suerit,
797 2620 1027 2703 suspendatur.
1082 2620 1272 2686 Abbaciam

164 2722 208 2786 de
234 2721 300 2805 Ely
323 2722 356 2785 in
384 2723 615 2805 episcopatum
642 2725 817 2801 conuertit,
845 2734 878 2789 et
905 2726 1050 2807 primum
1078 2726 1272 2809 episcopum

167 2826 339 2890 Herueum
361 2828 542 2892 constituit.
589 2828 666 2891 Rex
687 2828 791 2892 filiam
813 2849 908 2893 suam
930 2829 1106 2894 Matildem
1125 2830 1273 2894 Henrico

165 2930 355 3014 imperatori
383 2933 476 2997 dedit
502 2933 535 2996 in
562 2954 711 2998 vxorem.
769 2934 947 2997 Discordia
973 2954 1096 3017 magna
1122 2945 1196 3000 orta
1223 2946 1274 2999 est

166 3034 251 3099 inter
261 3034 378 3099 fratres
388 3056 448 3120 pro
460 3056 579 3119 regno:
594 3036 751 3101 videlicet
765 3036 950 3101 Robertum
969 3037 1135 3103 Curthuse
1152 3041 1272 3123 primo-

166 3142 327 3222 genitum,
342 3150 375 3204 et
394 3142 578 3205 Henricum
595 3162 707 3225 regem
724 3142 858 3207 fratrem
876 3163 982 3207 suum.
1029 3144 1129 3208 Multi
1145 3145 1273 3210 insiste-

166 3244 249 3307 bant
263 3245 354 3328 quod
373 3245 540 3310 Henricus
560 3245 792 3329 expelleretur,
808 3255 842 3311 et
865 3248 1033 3311 Robertus
1053 3260 1273 3314 coronaretur.

168 3348 234 3413 Sed
261 3370 331 3431 pax
360 3352 445 3413 inter
471 3350 561 3432 ipsos
588 3349 736 3414 firmata'
761 3363 822 3427 est,
847 3352 894 3415 ita
920 3353 1009 3434 quod
1037 3373 1097 3416 rex
1125 3354 1219 3418 daret
1244 3354 1273 3418 ei

166 3453 305 3536 singulis
328 3455 424 3517 annis
448 3451 529 3517 1111*
554 3475 690 3519 marcas.
739 3454 817 3519 Rex
844 3454 987 3519 contulit
1013 3458 1149 3539 egregio
1176 3458 1274 3522 militi
1290 3465 1328 3507 ³⁸
1343 3464 1440 3507 confer·

1288 3527 1319 3557 on
1330 3514 1391 3556 Paln

168 3554 305 3639 Pagano
322 3556 458 3621 Peuerel
479 3558 653 3621 baroniam
669 3577 771 3639 quam
794 3559 941 3640 Pycotus
957 3557 1141 3622 vicecomes
1156 3562 1273 3637 tenuit,
1288 3563 1438 3666 {ssl'ggmst

167 3671 201 3725 et
231 3662 332 3725 situm
365 3662 409 3725 de
447 3661 649 3725 Bernewelle
680 3664 736 3726 ubi
766 3664 917 3727 canonici
952 3663 1054 3726 modo
1085 3664 1273 3729 fundantur.
1288 3665 1424 3767 gffigssm

170 3766 246 3828 Rex
276 3766 382 3829 eciam
413 3766 476 3830 iste
513 3765 681 3830 Henricus
716 3766 795 3832 fecit
831 3768 912 3851 ipsis
947 3770 1115 3832 canonicis
1151 3770 1274 3834 bonam
1289 3766 1425 3857 {gssffid

167 3880 293 3934 cartam
321 3869 363 3934 de
386 3872 450 3934 situ
475 3873 518 3935 de
542 3872 746 3936 Bernewelle
773 3895 793 3936 a
821 3894 944 3955 magna
972 3874 1082 3956 platea
1109 3896 1213 3957 usque
1241 3875 1274 3937 in
1289 3866 1423 3958 fflffi

167 3976 308 4039 riueram
340 3974 383 4039 de
420 3974 644 4058 Cantebrigia,
675 3987 708 4039 et
738 3977 887 4041 decimas
917 3976 964 4039 eis
995 3974 1089 4039 dedit
1124 3976 1167 4040 de
1202 3986 1276 4041 toto
1289 3968 1367 4009 ‘⁰¹¹¹‘

166 4079 338 4142 dominico
359 4099 422 4141 suo
449 4079 481 4140 in
511 4077 736 4162 cantebrigia,
759 4089 793 4142 et
820 4079 993 4143 ecclesiam
1017 4081 1124 4143 sancti
1152 4080 1275 4163 Egidij,

1289 4030 1385 4060 61110111
1471 4038 1473 4043 “

167 4194 201 4248 et
237 4183 413 4247 ecclesiam
450 4185 492 4247 de
528 4184 763 4249 Cumbertone.
826 4186 900 4249 Hec
930 4186 1066 4268 quidem
1104 4197 1195 4250 carta
1225 4196 1275 4248 est

1292 4068 1343 4120 (eh.
1355 4070 1398 4120 ra).

347 4292 356 4323 ¹
374 4293 470 4343 Ranull
481 4295 624 4351 Flambard,
637 4296 677 4362 Bp
689 4296 718 4345 ol
727 4296 850 4355 Durbam,
869 4311 1034 4361 1099-1133.

345 4376 356 4407 ²
371 4377 485 4437 formata,
498 4379 556 4428 MS.
