3234 5059
335 382 405 453 302
694 361 857 436 Tenanls
882 362 923 436 in
949 362 1098 436 Borion
1320 362 1441 462 [soon

298 550 301 558 '
332 567 538 635 perannum
562 549 614 633 iij.
638 549 763 614 solidos
793 560 827 614 et
849 570 912 616 sex
934 550 1089 614 denarios
1112 550 1155 613 ad
1182 548 1303 615 festum
1334 550 1441 614 sancti

335 650 517 729 Michaelis
532 662 567 717 et
586 652 630 717 ad
653 653 780 718 Pascha
795 655 839 718 ad
856 654 1041 738 predictam
1057 653 1204 719 wardam
1221 652 1250 737 .j.
1265 654 1440 719 denarium

332 763 367 819 et
388 754 619 839 quadrantem,
641 766 675 821 et
697 758 884 841 scutagium
907 754 1044 841 quando
1072 769 1190 836 curret,
1211 768 1247 823 et
1276 759 1440 823 auxilium

332 860 542 925 vicecomitis.

398 963 566 1029 Walterus
580 964 788 1030 Carectarius
803 967 847 1030 de
859 965 1056 1049 Wytewelle
1071 976 1165 1031 tenet
1180 966 1230 1049 .vj.
1247 987 1341 1031 acras
1356 975 1443 1030 terre

333 1078 366 1133 et
390 1070 498 1134 reddit
522 1070 600 1135 inde
622 1092 681 1153 per
703 1092 829 1136 annum
853 1073 896 1136 ad
922 1072 1049 1135 Pascha
1071 1071 1140 1154 .xij.
1162 1071 1326 1147 denarios,
1341 1079 1376 1134 et
1398 1070 1442 1134 ad

334 1171 455 1236 lestum
473 1172 588 1238 Sancti
606 1172 780 1238 Michaelis
796 1173 863 1256 xij.
879 1173 1041 1251 denarios,
1053 1183 1088 1237 et
1102 1173 1145 1237 ad
1163 1172 1287 1237 Natale
1304 1173 1442 1236 Domini

333 1300 370 1341 .v.
387 1276 549 1353 denarios,
566 1285 600 1341 et
618 1280 805 1360 scutagium
828 1276 965 1361 quando
985 1288 1093 1341 curret
1108 1274 1158 1363 [et
1179 1276 1223 1341 ad
1239 1277 1386 1341 wardam
1402 1274 1444 1357 ij.

333 1380 510 1465 denarios}

401 1484 509 1549 Elena
532 1482 734 1568 Scetewynd
760 1493 853 1549 tenet
876 1504 997 1550 nouem
1022 1504 1116 1548 acras
1146 1494 1239 1561 terre,
1269 1494 1304 1548 et
1334 1484 1443 1548 reddit

334 1588 412 1653 inde
435 1608 640 1672 perannum
664 1589 706 1652 ad
733 1588 860 1653 Pascha
880 1588 931 1671 .vj.
949 1587 1112 1665 denarios,
1135 1597 1170 1652 et
1191 1587 1234 1652 ad
1257 1588 1442 1671 predictam

334 1691 480 1757 wardam
496 1692 550 1774 iij.
571 1692 725 1756 denarios
746 1702 780 1757 et
800 1695 1023 1776 quadrantem
1043 1702 1079 1757 et
1098 1692 1287 1777 scutagium
1307 1694 1444 1776 quando

334 1806 451 1862 curret.

401 1900 569 1965 Walterus
581 1899 705 1964 Warde
717 1910 808 1965 tenet
821 1910 887 1965 tres
902 1921 996 1965 acras
1008 1908 1094 1965 terre
1109 1902 1142 1965 in
1161 1899 1393 1983 Haselingleld
1409 1900 1444 1963 in

335 2006 482 2088 quodam
504 2004 578 2069 loco
598 2005 655 2088 qui
676 2014 814 2069 vocatur
835 2005 1030 2089 Longedole
1050 2016 1084 2069 et
1104 2005 1213 2070 reddit
1235 2026 1294 2089 per
1316 2024 1443 2069 annum

335 2110 385 2192 .vj.
408 2108 572 2174 denarios.

399 2214 570 2297 Johannes
610 2214 781 2278 Hodieme
815 2223 908 2279 tenet
938 2224 1004 2278 tres
1034 2233 1128 2278 acras
1157 2222 1243 2277 terre
1272 2213 1316 2277 de
1344 2211 1445 2276 feodo

337 2317 471 2383 Radulfi
488 2318 519 2382 le
541 2318 640 2395 Lord,
655 2326 688 2381 et
704 2318 814 2383 reddit
830 2317 907 2383 inde
923 2337 1123 2401 perannum
1139 2316 1182 2381 ad
1198 2316 1321 2380 festum
1337 2317 1444 2379 sancti

339 2423 512 2490 Michaelis
533 2422 606 2506 .viij.
628 2422 791 2501 denarios,
812 2423 904 2488 etad
921 2424 1042 2488 festum
1061 2425 1167 2489 sancti
1184 2422 1355 2488 Edmundi
1371 2422 1447 2505 viij.

338 2528 501 2604 denarios,
516 2535 550 2591 et
565 2525 609 2591 ad
626 2526 754 2592 Pascha
770 2527 844 2610 .viij.
861 2528 1023 2592 denarios

405 2632 572 2716 Margeria
591 2652 677 2695 vxor
697 2631 856 2696 Willelmi
879 2633 955 2696 Koc
975 2642 1068 2698 tenet
1085 2632 1260 2697 dimidiam
1279 2632 1446 2715 virgatam

338 2748 424 2802 terre
446 2736 489 2800 de
511 2736 610 2801 feodo
632 2736 728 2814 Diue,
744 2746 777 2802 et
800 2736 910 2803 reddit
931 2738 1010 2802 inde
1029 2759 1089 2822 per
1107 2757 1232 2802 annum
1248 2758 1286 2801 .v.
1303 2736 1447 2801 solidos:

339 2842 463 2907 scilicet
478 2842 522 2906 ad
538 2841 659 2905 festum
674 2842 789 2931 Sancti
803 2841 997 2920 Michaelis;
1014 2852 1048 2907 et
1059 2843 1103 2907 ad
1119 2842 1302 2925 precariam
1318 2840 1448 2905 domini

340 2945 460 3009 Prioris
476 2945 509 3008 in
525 2953 712 3027 autumpno
727 2944 829 3009 debet
844 2945 993 3008 inuenire
1008 2944 1093 3009 duos
1108 2944 1261 3009 homines
1275 2944 1319 3007 ad
1335 2941 1448 3007 cibum

340 3052 469 3116 Prioris.
516 3050 561 3113 Et
573 3050 721 3132 predicta
734 3049 901 3131 Margeria
913 3047 1013 3113 debet
1024 3049 1071 3112 ire
1086 3048 1172 3112 ultra
1187 3049 1355 3133 operarios
1371 3067 1448 3111 cum

339 3156 432 3237 virga
448 3174 516 3219 sua

407 3259 513 3343 Hugo
535 3257 689 3341 Fleming
712 3258 821 3323 reddit
842 3260 885 3323 ad
910 3257 1031 3322 sectum
1059 3259 1174 3324 Sancti
1199 3257 1374 3322 Michaelis
1399 3256 1451 3339 .vj.

340 3364 504 3439 denarios,
525 3372 559 3427 et
579 3363 622 3426 ad
646 3361 773 3425 Pascha
794 3361 858 3444 .vij.
879 3362 1034 3426 denarios
1049 3382 1110 3445 pro
1125 3361 1225 3427 leode
1239 3362 1404 3446 Johannis
1420 3361 1452 3424 le

343 3467 450 3533 Child.

406 3570 577 3654 Johannes
602 3568 766 3635 aurifaber
788 3578 881 3633 tenet
911 3568 1084 3633 dimidiam
1107 3570 1271 3653 virgatam
1293 3578 1398 3647 terre,⁴
1417 3579 1452 3634 et

342 3676 452 3741 reddit
474 3676 552 3739 inde
575 3694 633 3758 per
661 3694 787 3739 annum
811 3674 959 3756 quinque
988 3672 1114 3737 solidos
1136 3674 1179 3738 ad
1205 3683 1349 3757 quatuor
1371 3674 1451 3738 anni

343 3781 523 3846 terminos:
545 3779 670 3844 scilicet
685 3777 728 3843 ad
745 3779 867 3842 festum
885 3776 1000 3841 Sancti
1017 3776 1191 3841 Michaelis
1207 3798 1271 3841 .xv.
1286 3775 1452 3855 denarios,

252 3894 268 3943 s.
285 3908 330 3957 ¹70
343 3886 386 3951 ad
404 3884 527 3950 Natale
542 3884 681 3948 Domini
696 3906 761 3949 .xv.
777 3882 939 3956 denarios,
954 3883 997 3946 ad
1015 3882 1144 3947 Pascha
1158 3904 1224 3948 arv.
1239 3883 1403 3961 denarios,
1417 3891 1452 3947 et

343 3994 387 4058 ad
418 3991 539 4055 festum
578 3990 693 4055 Sancti
727 3988 892 4073 Johannis
923 3988 1074 4070 Baptiste
1102 4007 1167 4052 ‚xv
1197 3987 1359 4052 denarios.
1406 3986 1452 4051 Et

344 4096 442 4162 saciet
458 4096 640 4179 precariam
654 4094 687 4157 in
700 4104 886 4174 autumpno
901 4090 1056 4154 omnibus
1072 4091 1190 4168 modis,
1205 4091 1291 4156 sicut
1302 4090 1453 4175 predicta

346 4201 520 4283 Margeria

411 4303 598 4368 Willclmus
635 4298 666 4364 le
698 4297 875 4362 Marchant
911 4306 1004 4361 tenet
1036 4316 1138 4360 vnum
1169 4298 1378 4381 mesuagium
1409 4300 1452 4363 ad

345 4410 550 4474 voluntatem
575 4403 695 4469 Prioris
718 4410 752 4466 et
775 4400 884 4465 reddit
907 4400 986 4465 inde
1008 4420 1067 4486 per
1088 4420 1214 4465 annum
1230 4401 1296 4486 iiij.
1316 4401 1451 4467 solidos.
