3234 5059
347 348 416 424 ²7²
613 332 811 407 Hundred
830 332 878 430 of
896 332 1182 430 Hirslingslone
1328 328 1452 429 [BOOK

345 518 476 603 HurstJ,
506 520 683 585 Hoeetone
711 518 916 605 [Houghton
946 522 1027 587 with
1058 520 1211 605 Wytonl,
1238 521 1452 603 Wardeboys

342 621 547 708 [Warboys],
579 624 707 709 Ripton
738 624 897 710 [Abbot's
932 625 1084 711 Ripton],
1114 637 1148 691 et
1179 628 1287 691 Parua
1322 625 1451 692 Stiuecl

344 724 462 811 [Little
485 727 671 813 Stukeley]‚
690 730 723 793 in
746 730 850 795 libera
870 739 905 795 et
926 750 1018 795 mera
1039 730 1223 795 elemosina
1246 730 1451 814 pertinentes

341 830 384 895 ad
419 834 700 899 sustentacionem
741 836 980 902 monachorum
1014 837 1057 900 dc
1092 835 1288 918 Rameseye.
1339 834 1450 899 Tenet

343 934 506 999 Brectone
541 936 760 1020 [Broughton
790 939 870 1003 with
907 938 1009 1003 Great
1044 938 1110 1002 and
1149 939 1254 1003 Little
1291 937 1451 1019 Raveley,

343 1039 491 1117 Wist0w‚
516 1040 681 1124 Upwood,
706 1043 772 1107 and
799 1042 905 1127 Bury]
928 1046 972 1107 de
997 1042 1136 1107 domino
1161 1044 1256 1125 Rege
1280 1043 1313 1105 in
1338 1044 1449 1126 capite

341 1141 433 1225 quod
463 1154 564 1225 caput
594 1155 645 1208 est
675 1143 813 1209 baronie
838 1165 898 1210 sue
923 1165 984 1228 pro
1010 1166 1086 1228 qua,
1110 1166 1177 1209 vna
1203 1164 1280 1209 cum
1306 1144 1378 1208 aliis
1404 1146 1449 1209 de

341 1245 479 1311 baronia
495 1268 563 1323 sua,
579 1248 749 1331 respondit
769 1250 907 1313 domino
923 1250 1009 1331 Regi
1025 1252 1069 1313 de
1084 1249 1149 1331 iiij.
1165 1248 1334 1325 militibus,
1350 1249 1449 1313 etsie

226 1362 449 1433 t155btotam
480 1352 652 1417 baroniam
682 1353 833 1418 defendit
863 1375 977 1419 versus
1006 1356 1180 1418 dominum
1212 1354 1350 1436 Regem.
1402 1354 1449 1417 Et

342 1466 434 1521 tenet
457 1456 605 1539 Riptone
626 1457 741 1539 Regis¹
759 1458 894 1541 [King's
917 1458 1059 1543 Ripton]
1076 1460 1118 1523 de
1139 1458 1277 1521 domino
1299 1457 1392 1540 Rege
1412 1458 1446 1519 in

341 1562 451 1643 capite
486 1561 519 1624 in
556 1561 644 1625 leodi
682 1561 776 1625 firma
812 1564 845 1626 in
882 1564 1000 1627 eodem
1036 1561 1219 1627 hundredo.
1279 1562 1371 1625 Prior
1405 1560 1449 1625 de

344 1664 556 1747 Huntyndon
584 1675 677 1729 tenet
704 1664 849 1731 Herford
874 1666 1066 1751 [Hartiord]
1092 1667 1124 1730 in
1152 1666 1241 1730 feodi
1268 1664 1380 1729 firma¹
1405 1665 1448 1728 de

341 1768 479 1835 domino
503 1770 596 1852 Rege
619 1770 651 1832 in
675 1768 794 1834 eodem
819 1769 1001 1835 hundredo.

405 1872 537 1955 Magna
568 1872 706 1937 Stiuccle
741 1873 859 1957 [Great
895 1872 1081 1957 Stukeley].
1143 1874 1312 1937 Robertus
1342 1872 1384 1936 de
1414 1872 1449 1937 la

342 1976 479 2041 Kerneli
504 1986 596 2041 tenet
621 1999 689 2042 ,xrc
716 1977 853 2042 libratas
880 1987 966 2042 terre
991 1980 1035 2041 de
1062 1976 1278 2042 ieoffamento
1304 1976 1448 2042 Comitis

343 2080 453 2145 Dauid
471 2102 532 2167 pro
546 2080 646 2145 feodo
661 2080 690 2165 .j.
702 2081 825 2147 militis.
872 2082 1037 2145 Radulfus
1053 2082 1200 2165 Cameys
1215 2080 1288 2147 .C.s.
1303 2090 1388 2146 terre
1403 2081 1447 2145 de

342 2185 556 2252 leoisamento
570 2186 650 2251 dicti
668 2186 809 2252 Comitis
832 2207 892 2269 pro
908 2188 973 2251 iiii.
989 2196 1084 2270 parte
1100 2187 1128 2269 .j.
1146 2186 1270 2251 militis.
1315 2186 1445 2269 Symon

340 2291 384 2354 dc
400 2290 525 2355 Sancto
538 2290 647 2355 Licio’
662 2299 755 2355 tenet
766 2313 810 2356 .x.
824 2290 960 2355 libratas
975 2300 1061 2355 terre
1076 2292 1119 2355 de
1134 2288 1350 2354 seoffamento
1364 2288 1446 2352 dicti

340 2392 482 2459 Comitis
505 2415 565 2479 pro
585 2394 725 2459 dimidia
745 2407 841 2478 parte
856 2394 884 2476 ‚12
905 2395 1026 2458 militis.
1074 2394 1330 2458 Memorandum
1353 2392 1444 2476 quod

340 2507 412 2562 tota
442 2499 521 2563 vilia
550 2500 593 2564 de
624 2497 772 2564 Stiuecle
801 2506 948 2564 tenetur⁴
974 2499 1016 2562 de
1045 2498 1172 2562 honore
1200 2498 1446 2582 Huntyndonie

339 2623 440 2686 quem
459 2603 535 2667 Rex
551 2603 669 2668 Scocie
687 2604 825 2668 tenebat
843 2604 876 2668 in
893 2605 1004 2688 capite
1025 2604 1069 2667 de
1084 2606 1223 2668 domino
1239 2604 1342 2685 Rege,
1357 2603 1445 2668 vnde

341 2718 412 2774 tota
424 2708 502 2773 villa
513 2708 557 2773 de
569 2708 715 2773 Stiuecle
726 2709 847 2773 cecidit
862 2710 895 2773 in
908 2718 1036 2792 partem
1051 2708 1193 2775 Comitis
1206 2706 1442 2792 Alberm[arie]

339 2823 373 2879 et
389 2813 577 2878 Christiane
592 2815 705 2877 vxoris
722 2834 780 2877 sue
796 2825 830 2879 et
841 2814 1004 2898 Johannis
1020 2814 1063 2877 de
1080 2811 1197 2896 Baylol
1212 2822 1247 2877 et
1262 2813 1443 2895 Devorguil

340 2920 453 2985 vxoris
469 2939 535 2983 sue.

407 3026 559 3107 Rogerus
585 3025 785 3089 osticiarius⁶
811 3035 904 3089 tenet
930 3024 958 3105 .j.
983 3034 1172 3088 carucatam
1198 3034 1284 3088 terre
1307 3025 1340 3087 in
1366 3024 1444 3088 villa

340 3129 457 3195 Sancti
481 3130 612 3193 Yuonis
636 3128 692 3212 [St
720 3129 806 3213 ives]
832 3150 891 3211 per
913 3129 1090 3193 seruicium
1114 3129 1266 3194 custodie
1287 3128 1387 3192 ostor’
1411 3130 1444 3193 in

339 3234 450 3317 capite
472 3234 515 3297 de
538 3231 641 3315 Rege

406 3337 437 3401 A
451 3336 530 3403 villa
540 3337 584 3401 de
601 3335 836 3403 Sumeresham
853 3335 1084 3420 [Somersham
1096 3337 1176 3401 with
1189 3336 1303 3413 Colne,
1316 3337 1446 3401 Blunti-

340 3443 444 3518 sham,
471 3441 597 3519 Earith,
622 3440 755 3523 Pedley,
780 3440 846 3503 and
872 3439 1018 3522 Fenton]
1042 3440 1122 3503 nihil
1146 3449 1258 3523 potest
1281 3442 1445 3524 inquirere

339 3548 418 3630 quia
441 3556 539 3611 extra
561 3545 678 3609 sokam
703 3544 820 3609 volunt
843 3544 957 3609 exiret

388 3809 397 3841 ¹
417 3810 474 3876 lug,
487 3808 545 3861 Ms.
904 3803 915 3836 ¹
931 3804 1038 3863 firmem,
1050 3805 1110 3855 MS.

389 3893 400 3925 ⁸
418 3894 442 3943 lt
453 3909 511 3959 may
522 3892 555 3943 be
565 3890 723 3957 conjectured
736 3890 789 3940 thet
801 3888 840 3939 for
852 3888 949 3938 “Licio
957 3888 972 3910 '’
983 3901 1022 3937 we
1033 3886 1124 3937 should
1135 3887 1195 3937 read
1207 3892 1223 3915 ¹⁶
1232 3888 1342 3952 Eligio.”

388 3976 400 4008 ⁴
416 3984 492 4037 tenet,
507 3976 575 4035 MS„
589 3974 672 4025 which
683 3974 737 4023 also
748 3972 821 4023 reads
831 3980 911 4037 parte,
923 3972 1002 4032 uxori,
1013 3970 1151 4036 johannes.

388 4060 400 4091 ⁶
416 4058 563 4110 Osticiarius
578 4058 599 4107 is
615 4055 765 4121 probablyc
780 4054 899 4105 lelconer.
934 4054 1055 4119 Ducauge
1070 4053 1184 4117 explains
1197 4052 1313 4103 Ostorius
1328 4060 1356 4104 to
1370 4070 1445 4106 mean

343 4147 373 4194 ‘u
384 4140 472 4194 hawk'
487 4140 630 4205 (accipiter).

389 4226 400 4259 ⁸
418 4227 449 4275 In
465 4225 507 4276 the
519 4223 577 4275 MS.
590 4223 639 4273 this
652 4221 793 4287 paragraph
804 4219 925 4286 precedes
939 4220 1012 4269 those
1026 4234 1060 4268 on
1072 4218 1200 4268 Fordham
1215 4219 1265 4268 und
1278 4220 1445 4285 Bcdlinghcm

340 4326 398 4361 now
416 4307 564 4359 transferred
583 4314 610 4357 to
629 4305 693 4355 their
709 4319 800 4371 proper
817 4303 889 4369 place
906 4302 931 4351 in
950 4302 1054 4367 Stuploe
1072 4301 1206 4359 Hundred,
1225 4302 1447 4367 Cambridgeshire

340 4398 393 4458 (see
408 4396 497 4451 above,
515 4408 540 4457 p.
558 4388 626 4457 261).
