3234 5059
349 383 417 452 104
519 359 638 434 Land
659 361 885 459 claz'medby
919 360 1089 435 Wlliam
1115 360 1149 433 le
1175 358 1271 457 Bloy
1331 354 1450 457 [Boou

474 586 502 652 7.
548 571 674 653 Assysa
698 581 791 654 capta
816 571 903 635 inter
924 570 1075 634 Priorem
1100 568 1320 633 Laurentium

706 686 738 740 et
760 674 936 739 Robertum
962 674 990 737 h
1012 673 1087 738 Ros.

179 837 333 885 mmor
410 811 514 875 Anno
538 812 664 876 domini
693 822 746 876 m⁰.
766 816 824 877 cc⁰.
848 810 1106 894 quadragesimo
1129 811 1220 893 regni
1245 811 1331 893 regis
1356 808 1449 873 Hen-

179 890 401 992 iiiithstricr
432 914 490 999 filij
527 918 614 999 regis
651 916 815 999 johannis
846 916 995 998 ,xxnsje
1026 916 1133 999 pridie
1168 916 1242 980 nius
1277 914 1356 997 Junj
1395 914 1450 978 ue

179 992 330 1134 Ξὲιῗῗὲή
343 1018 475 1083 sabbati
502 1030 602 1104 capta
626 1019 687 1086 fuit
711 1020 857 1104 quedam
883 1020 987 1083 assisa
1011 1039 1099 1083 noue
1125 1018 1310 1101 dissaysine
1337 1037 1449 1081 coram

180 1141 279 1195 mun.
344 1124 482 1188 domino
501 1122 699 1207 W[illelmo]
724 1125 767 1187 de
789 1123 952 1201 Eboraco‚
973 1124 1144 1207 preposito
1168 1122 1236 1207 [de]
1260 1121 1450 1199 Beuerlac0,

180 1202 238 1245 ’ψ’
346 1228 480 1311 Rogero
510 1228 553 1292 de
588 1228 773 1311 Turkeby¹‚
804 1228 955 1293 Gilberto
987 1229 1029 1292 de
1062 1230 1230 1302 Prestone‚
1257 1226 1450 1309 justiciarijs

344 1332 576 1398 itinerantibus
598 1334 688 1417 apud
715 1333 889 1409 Hereford,
906 1334 991 1397 inter
1013 1332 1220 1397 Willelmum
1242 1330 1272 1395 le
1292 1331 1376 1413 Bloy
1393 1330 1450 1415 qui

345 1446 424 1500 tunc
441 1437 600 1519 temporis
617 1436 678 1500 suit
694 1437 727 1500 in
744 1438 896 1501 custodia
913 1438 1051 1501 Roberti
1068 1438 1098 1501 le
1116 1437 1187 1500 Ros
1205 1435 1247 1500 de
1270 1436 1401 1500 Essaxe
1416 1445 1450 1500 et

346 1540 567 1604 Laurencium
586 1542 732 1605 Priorem
749 1542 791 1606 de
808 1541 1009 1605 Bernewelle
1021 1542 1063 1604 de
1075 1541 1205 1605 duabus
1218 1540 1353 1623 virgatis
1365 1550 1450 1605 terre

345 1664 421 1708 cum
444 1644 650 1728 pertinentiis
672 1645 704 1707 in
729 1644 865 1721 ldiiord,
881 1665 965 1727 quas
987 1644 1180 1727 Stephanus
1196 1644 1227 1708 le
1248 1643 1450 1727 Bloyauun-

345 1748 440 1812 culus
450 1750 553 1831 patris
562 1749 642 1813 dicti
653 1748 814 1812 Willelmi
827 1748 920 1811 dedit
931 1748 1098 1811 canonicis
1109 1748 1151 1811 de
1163 1747 1364 1812 Bernewelle
1373 1766 1449 1811 cum

345 1872 483 1936 corpore
498 1873 559 1915 suo
579 1853 715 1935 quando
731 1851 855 1915 ibidem
877 1851 1081 1934 sepulturam
1097 1850 1206 1933 elegit.
1253 1850 1292 1913 In
1309 1870 1449 1933 quarum

346 1958 554 2039 possessione
582 1956 681 2040 plena
708 1967 742 2020 et
770 1954 909 2039 pacifica
938 1956 1018 2020 dicti
1049 1956 1199 2019 canonici
1231 1955 1362 2020 suerunt
1393 1974 1451 2037 per

345 2080 448 2124 vnum
470 2080 617 2125 mensem
639 2060 805 2142 integrum
828 2070 1008 2142 antequam
1031 2061 1117 2124 idem
1144 2059 1336 2143 Stephanus
1358 2058 1452 2139 obijt,

345 2164 389 2227 de
414 2184 482 2246 quo
507 2172 701 2228 tenemento
728 2164 818 2227 idem
845 2162 1033 2227 Willelmus
1059 2174 1196 2246 questus
1226 2174 1276 2227 est
1303 2162 1450 2226 Domino

347 2265 432 2349 Regi
456 2269 546 2349 quod
572 2267 681 2332 dictus
712 2268 805 2330 Prior
835 2266 1028 2348 dissaysiuit
1057 2287 1133 2330 eum
1165 2268 1285 2330 iniuste
1316 2276 1350 2330 et
1380 2268 1451 2331 sine

346 2370 475 2435 iudicio.
521 2370 587 2434 Die
614 2392 692 2435 uero
718 2372 869 2453 superius
896 2371 1070 2435 nominato
1101 2382 1264 2436 uenerunt
1291 2372 1450 2435 iuratores

345 2495 456 2539 coram
480 2476 577 2540 dictis
598 2474 789 2559 justiciarijs
812 2487 845 2539 et
868 2476 1026 2541 dixerunt
1049 2476 1139 2562 quod
1163 2477 1331 2560 predictus
1358 2476 1451 2539 Prior

346 2600 516 2662 nunquam
533 2580 725 2663 dissaysiuit
737 2583 863 2644 dictum
878 2580 1083 2645 Willelmum
1096 2583 1139 2645 de
1151 2581 1242 2645 dicto
1258 2590 1450 2645 tenemento

345 2706 421 2748 cum
448 2686 668 2768 pertinenciis,
691 2686 770 2767 quia
792 2686 901 2751 dictus
925 2686 1113 2751 Willelmus
1135 2707 1306 2769 nunquam
1333 2686 1451 2750 habuit

269 2805 287 2857 s.
300 2807 331 2871 38
345 2789 514 2871 saysinam
546 2790 578 2851 in
610 2789 668 2852 illo
704 2799 898 2853 tenemento
933 2810 1008 2853 cum
1046 2790 1258 2873 pertinencijs
1294 2790 1356 2853 nisi
1393 2810 1451 2873 per

345 2893 526 2977 quamdam
548 2894 764 2959 intrusionem
786 2916 886 2977 quam
909 2894 986 2958 iecit
1009 2915 1107 2978 super
1121 2915 1302 2977 saysynam
1322 2894 1451 2959 Prioris.

346 2998 446 3063 Vnde
462 2999 571 3063 dictus
587 3000 775 3063 Willelmus
791 3000 823 3063 le
839 3000 925 3083 Bloy
941 3010 975 3065 et
995 3011 1107 3064 custos
1124 3020 1202 3063 suus
1218 3020 1276 3083 per
1292 2998 1449 3063 iudicium

346 3104 436 3167 curie
456 3114 685 3167 remanserunt
707 3104 739 3165 in
762 3104 996 3179 misericordia,
1011 3112 1045 3166 et
1063 3104 1154 3168 Prior
1170 3103 1202 3165 in
1220 3104 1354 3185 saysina
1370 3124 1438 3167 sua.

181 3231 298 3284 inepto·
413 3208 595 3274 Sciendum
623 3218 674 3271 est
700 3217 734 3271 et
765 3210 956 3271 memoriter
986 3208 1194 3272 retinendum
1226 3210 1314 3290 quod
1342 3208 1450 3271 dictus

180 3281 334 3384 ἓωᾛιῖἷι
348 3312 440 3376 Prior
462 3313 586 3394 recepit
610 3313 778 3394 saysinam
802 3310 845 3375 de
869 3312 959 3375 dicto
982 3321 1175 3376 tenemento
1199 3314 1450 3395 quartodecimo

182 3382 318 3434 ⁸²⁹⁸*
346 3414 477 3480 kalend.
508 3414 664 3481 Octobris
695 3415 774 3478 seria
805 3415 931 3497 quinta,
957 3434 1046 3478 anno
1076 3415 1203 3479 domini
1232 3428 1286 3479 m0.
1310 3428 1368 3481 cc⁰.
1395 3416 1449 3481 tri·

345 3521 470 3585 cesimo
491 3520 551 3603 vj⁰3
573 3530 606 3585 et
629 3520 684 3583 die
706 3519 813 3582 sancti
838 3519 969 3583 Kalixti
993 3538 1081 3602 pape
1106 3521 1263 3602 proximo
1289 3530 1448 3603 sequente

180 3644 331 3698 noceres.
347 3628 427 3691 feria
442 3625 506 3710 ‚iij·.
527 3625 612 3708 obijt
633 3624 825 3707 Stephanus
847 3625 876 3688 le
898 3624 1004 3707 Bloy;
1027 3634 1061 3688 et
1082 3634 1200 3706 postea
1219 3624 1306 3688 circa
1329 3616 1448 3690 festum

178 3730 452 3804 sne0.1230.sancti
476 3728 629 3791 Nicholai
654 3728 808 3811 proxime
832 3748 974 3811 sequens
996 3737 1073 3811 post
1097 3737 1237 3791 mortem
1265 3728 1336 3791 eius
1363 3726 1450 3791 iacta

345 3833 408 3897 suit
422 3834 562 3897 intrusio
578 3833 644 3896 iam
660 3834 758 3897 dicta.

683 4032 710 4093 8.
755 4028 808 4092 De
831 4029 962 4112 Agneta
987 4028 1102 4093 Morel.

411 4165 499 4250 Quia
530 4164 638 4228 labilis
668 4174 719 4229 est
749 4165 923 4229 hominum
955 4166 1123 4243 memoria,
1151 4167 1183 4228 in
1210 4166 1343 4249 scriptis
1372 4178 1450 4233 sunt

345 4271 526 4353 redigenda
549 4289 614 4351 que
636 4278 788 4352 tempore
812 4270 925 4351 aliquo
951 4292 1030 4333 casu
1053 4280 1131 4334 sunt
1154 4272 1312 4335 iteranda
1360 4271 1450 4335 Hinc

668 4389 678 4422 ¹
695 4390 848 4453 Commonly
860 4390 957 4441 written
969 4390 1119 4455 Thurkilby.
