3234 5059
514 1119 552 1202 3.
613 1094 823 1178 TABLE
863 1094 946 1177 OF
985 1091 1337 1177 CONTENTS.

436 1349 497 1414 Per
512 1348 611 1414 istam
629 1346 778 1415 tabulam
796 1347 919 1433 poterit
934 1345 1077 1431 diligens
1089 1346 1194 1412 lector
1206 1345 1354 1410 inuenire
1365 1365 1482 1410 omnes

368 1473 465 1517 casus
495 1462 529 1517 et
560 1452 717 1519 materias
743 1472 809 1537 que
836 1451 869 1517 in
896 1451 962 1517 hoc
987 1449 1157 1517 volumine
1183 1450 1399 1525 continentur
1423 1469 1484 1534 per
1597 1495 1598 1518 2

369 1557 514 1623 rubricas
544 1556 693 1642 singulas
724 1556 883 1623 librorum
913 1556 1131 1642 singulorum.
1177 1556 1301 1621 Lector
1330 1554 1430 1640 igitur
1455 1554 1483 1617 si
1597 1553 1598 1636 i

369 1662 519 1728 inueniat
533 1660 624 1745 quod
645 1660 708 1727 sibi
730 1658 842 1745 placet
857 1669 892 1726 et
906 1660 1048 1745 expedit
1062 1660 1178 1726 laudet
1192 1660 1378 1727 dominum.
1422 1656 1483 1725 Sin

368 1775 481 1832 autern
503 1766 588 1831 tanti
611 1764 733 1830 laboris
753 1766 907 1849 operario
927 1786 995 1831 non
1014 1765 1179 1843 detrahat,
1193 1764 1353 1849 quoniam
1369 1762 1483 1829 omnia
1597 1763 1598 1850 f

328 1898 330 1901 ·
368 1890 434 1953 que
460 1868 596 1933 inferius
621 1869 744 1953 scripta
769 1879 850 1934 sunt
873 1869 917 1934 ad
944 1869 1132 1935 doctrinam
1155 1879 1190 1935 et
1214 1866 1482 1934 consolacionem
1597 1863 1598 1872 ’

370 1975 508 2041 fratrum
533 1974 718 2040 futurorum
739 1974 864 2059 scripta
884 1984 971 2040 sunt
1017 1972 1088 2039 Ubi
1112 1974 1213 2057 igitur
1235 1973 1341 2039 lector
1362 1972 1396 2036 in
1419 1970 1483 2035 hoc
1597 2011 1598 2034 r

369 2098 470 2161 opere
486 2076 651 2142 inuenerit
666 2076 835 2143 delectum
851 2077 942 2160 quod
954 2078 1051 2143 deest
1061 2076 1218 2161 suppleat
1233 2086 1268 2142 et
1282 2074 1481 2141 scribentem
1597 2075 1598 2132 l

369 2202 436 2249 non
451 2178 623 2247 diiudicet.

587 2366 793 2433 INClPlUNT
817 2366 990 2433 Ruuntcu
1013 2379 1121 2432 PRIMI
1145 2364 1270 2433 LlBRl¹.

410 2513 557 2639 l¹Prologus
570 2512 598 2569 in
611 2512 713 2569 librum
727 2514 976 2571 memorandonrm
988 2512 1107 2575 ecclesie
1120 2513 1315 2571 conuentualis
1326 2512 1363 2568 de
1377 2514 1482 2567 Barne-

368 2603 409 2640 we
430 2602 454 2641 e.

390 2696 410 2736 1.
449 2682 526 2737 Vera
543 2680 672 2736 narracio
687 2681 724 2737 de
742 2681 836 2751 prima
852 2681 1023 2737 fundacione
1038 2680 1241 2737 canonicorum
1258 2680 1295 2735 de
1312 2680 1483 2736 Barnewelle

509 2752 586 2809 etde
601 2751 699 2807 Picoto
711 2751 888 2808 vicecomite
900 2753 948 2824 qui
961 2752 1014 2808 suit
1027 2752 1136 2835 primus
1148 2768 1247 2809 eorum
1260 2750 1398 2807 fundator.

387 2838 411 2879 2.
451 2823 496 2877 De
511 2822 656 2892 Hugolina
669 2839 754 2879 uxore
768 2822 866 2892 Pycoti
880 2822 1061 2879 vicecomitis.

386 2908 409 2962 3.
449 2894 494 2947 De
507 2892 664 2963 egritudine
677 2902 707 2949 et
718 2903 786 2948 voto
798 2892 887 2976 ipsius
902 2894 1053 2963 Hugoline.

385 2980 410 3031 4.
450 2964 494 3020 De
510 2964 739 3090 pjpppedecclesie
760 2975 789 3021 et
808 2964 990 3021 institucione
1010 2966 1212 3022 canonicorum
1234 2964 1403 3035 regularium
1427 2964 1481 3019 sub

537 3052 555 3089 a
577 3051 600 3088 n
622 3053 640 3090 o
678 3052 758 3091 nore.

387 3120 410 3174 5.
449 3107 535 3161 Carta
549 3106 646 3175 Pycoti
657 3052 835 3162 iicecomitis
868 3123 933 3161 uam
946 3106 1012 3163 lecit
1025 3108 1171 3163 canonicis
1184 3107 1251 3163 suis

386 3178 411 3230 6.
451 3176 494 3231 De
507 3186 598 3232 morte
613 3177 709 3246 Pycoti
723 3186 751 3233 et
766 3126 917 3247 Hugoline

385 3260 409 3314 7.
449 3248 495 3303 De
509 3247 705 3303 Robertolilio
719 3248 826 3318 Pycoti.

385 3319 410 3371 8.
449 3318 495 3373 De
509 3318 625 3387 Pagano
640 3318 761 3375 Peuerel.

383 3404 408 3455 9.
448 3388 615 3443 Delocode
630 3389 807 3445 Barnewelle.

372 3474 411 3513 10.
450 3460 495 3513 De
510 3457 661 3515 dilectione
680 3460 784 3529 Pagani
803 3461 920 3517 Peuerel
933 3478 1019 3531 quam
1031 3461 1131 3515 habuit
1145 3460 1221 3532 apud
1234 3462 1394 3516 Canonicos
1407 3479 1482 3517 suos.

371 3546 410 3583 11.
449 3530 576 3600 Qualiter
589 3533 721 3601 Paganus
734 3530 843 3586 dotauit
856 3533 1019 3587 Canonicos
1031 3550 1106 3588 suos

371 3616 410 3655 12.
450 3602 494 3656 De
507 3602 593 3656 cartis
605 3612 634 3657 et
646 3601 923 3657 confirmacionibus.

371 3686 411 3740 13.
450 3674 536 3727 Carta
547 3671 662 3743 gloriosi
676 3672 750 3741 regis
765 3672 882 3728 Henrici
898 3673 993 3727 Primi.

372 3758 411 3809 14.
449 3744 535 3799 Carta
547 3742 654 3797 domini
669 3742 791 3811 Remigii
807 3743 1015 3799 Lincolniensis
1028 3744 1172 3815 Episcopi.

371 3828 409 3883 15.
449 3816 536 3869 Carta
548 3812 656 3869 domini
672 3814 779 3869 Heruei
794 3814 926 3884 Elyensis
940 3815 1073 3887 Episcopi
1088 3816 1182 3870 Primi.

371 3884 411 3939 16.
449 3886 536 3940 Carta
547 3885 656 3939 domini
671 3886 697 3938 N
702 3884 776 3955 igelli
790 3886 923 3953 Elyensis
936 3887 1081 3959 Episcopi.

371 3969 411 4022 17.
450 3958 535 4011 Carta
547 3955 707 4011 Theobaldi
721 3958 934 4012 cantuariensis
950 3956 1125 4028 [something
1141 3955 1254 4028 erased]
1266 3959 1483 4031 archiepiscopi.

372 4028 411 4081 18.
451 4028 495 4081 De
513 4026 702 4151 trapslacione
723 4028 931 4083 Canonicorum
950 4028 987 4084 de
1007 4027 1190 4096 Cantebrigia
1208 4044 1296 4098 usque
1317 4029 1355 4084 ad
1378 4032 1483 4085 Barne-

511 4114 551 4151 we
573 4114 595 4151 e.

372 4184 411 4238 19.
450 4170 495 4222 De
512 4177 602 4225 morte
621 4168 740 4225 Gallridi
759 4168 872 4235 Prioris,
885 4170 962 4226 etde
975 4168 1113 4241 Reliquiis
1126 4186 1198 4241 quas
1217 4172 1349 4241 Paganus
1368 4173 1485 4229 Peuerel

511 4240 589 4295 dedit
609 4240 769 4296 Canonicis

417 4361 427 4395 ²
444 4362 501 4415 Tire
519 4362 640 4429 headings
657 4372 683 4417 to
700 4364 743 4417 the
759 4363 878 4431 chapters
894 4363 961 4417 hove
977 4365 1042 4417 been
1060 4364 1200 4417 nurnbered
1217 4365 1255 4416 lor
1275 4366 1443 4419 convenience
1460 4368 1492 4418 ol

371 4446 506 4499 relerence.
