3234 5059
176 382 247 481 vn]
265 381 447 456 Parislres
464 383 512 479 af
520 383 625 480 Haly
636 382 837 480 Sepulchra
854 382 935 456 aad
948 383 987 457 S.
1002 382 1173 454 Ma'clzaal
1208 382 1276 471 285

241 886 267 951 3.
313 867 479 933 Parachia
503 867 622 932 Sancti
643 866 818 957 Sepulchri
838 866 884 951 [et
906 865 1026 932 Sancti
1045 862 1222 929 Michaelis

620 970 837 1054 permixtim}

242 1168 296 1231 De
310 1167 432 1231 vicario
448 1166 585 1231 ecclesie
601 1166 716 1231 Sancti
734 1166 908 1250 Sepulchri
925 1166 999 1248 .vj.s.
1016 1166 1122 1247 ,viijai

242 1268 391 1333 Thomas
429 1267 554 1352 Tuylet
589 1278 682 1333 tenet
719 1289 821 1333 vnum
862 1267 1053 1352 granarium
1092 1267 1135 1331 ad
1172 1266 1283 1331 Dame

177 1373 430 1438 Nicholeshithe
444 1383 479 1437 et
494 1374 604 1437 reddit
620 1374 698 1437 inde
713 1396 773 1457 per
792 1394 918 1438 annum
935 1372 1110 1437 dimidiam
1127 1392 1282 1438 marcam.

242 1476 354 1541 Alicia
388 1477 430 1541 de
466 1476 644 1541 Schelford
679 1486 772 1540 tenet
807 1497 912 1540 vnum
949 1477 1155 1559 mesuagium
1187 1476 1284 1539 iuxta

178 1581 379 1645 cimiterium
401 1580 540 1644 ecclesie
564 1579 679 1645 Sancti
705 1580 888 1656 Michaelis,
910 1589 945 1642 et
968 1580 1077 1643 reddit
1099 1579 1182 1663 .vj.d.

244 1684 451 1768 Reginaldus
474 1686 516 1748 de
537 1684 765 1750 Cumbertone
786 1694 879 1748 tenet
894 1705 997 1748 vnum
1020 1686 1228 1768 mesuagium
1249 1683 1283 1747 in

178 1790 334 1873 parochia
351 1789 465 1855 Sancti
482 1789 666 1872 Sepulchri,
681 1790 772 1873 quod
789 1790 961 1871 quondam
980 1788 1043 1852 suit
1060 1790 1153 1871 Jocei
1175 1788 1285 1870 Judei,

178 1902 212 1958 et
227 1892 336 1957 reddit
352 1891 525 1957 dimidiam
543 1912 698 1957 marcam.

241 1997 412 2079 Johannes
447 1997 491 2061 de
527 1996 700 2063 Schelsord
738 2006 831 2061 tenet
866 2017 968 2060 vnum
1005 1999 1214 2079 mesuagium
1250 1998 1284 2061 in

178 2102 340 2165 cimiterio
361 2100 476 2167 Sancti
500 2100 674 2184 Sepulchri
689 2099 780 2183 quod
798 2100 859 2164 suit
884 2102 990 2164 Elene
1011 2100 1103 2180 Gert,
1118 2112 1153 2166 et
1175 2102 1285 2165 reddit

178 2227 237 2290 per
252 2224 378 2271 annum
395 2206 495 2288 .xij.d.

245 2307 408 2373 Ricardus
429 2307 472 2371 de
494 2307 643 2371 Derham
665 2316 758 2370 tenet
774 2327 875 2370 vnum
893 2308 1101 2388 mesuagium
1117 2308 1150 2370 in
1166 2307 1284 2372 eadem

179 2413 336 2496 parochia
356 2414 453 2476 iuxta
477 2412 683 2493 mesuagium
709 2412 833 2475 Heruei
856 2412 950 2487 Pilet,
965 2412 1055 2494 quod
1072 2411 1134 2474 suit
1155 2412 1286 2475 Thome

177 2517 220 2580 de
237 2516 318 2592 Len,
333 2526 367 2579 et
385 2515 494 2580 reddit
510 2515 590 2597 .xjs.

247 2620 401 2683 Herueus
424 2618 509 2681 Pilet
530 2627 623 2681 tenet
638 2638 740 2681 vnum
764 2618 972 2700 mesuagium
994 2620 1027 2681 iu
1049 2620 1168 2683 eadem
1190 2640 1284 2702 paro·

179 2723 254 2786 chia
276 2724 373 2787 iuxta
394 2722 601 2805 mesuagium
623 2724 793 2805 quondam
811 2723 942 2785 Thome
964 2723 1006 2787 de
1028 2723 1110 2799 Len,
1126 2734 1159 2786 et
1176 2723 1283 2787 reddit

179 2827 277 2910 .viij.s.
294 2836 327 2890 et
343 2827 373 2909 .j.
389 2825 506 2890 libram
524 2827 655 2909 piperis

244 2932 432 2996 Willelmus
467 2931 509 2994 de
547 2930 707 2995 Holonde
743 2942 836 2996 tenet
869 2953 971 2997 vnum
1007 2933 1214 3016 mesuagium
1250 2936 1283 2997 in
1318 2974 1355 3023 χ

178 3038 297 3101 eadem
321 3036 478 3119 parochia
501 3036 598 3101 iuxta
625 3038 834 3119 mesuagium
857 3037 937 3101 dicti
964 3037 1098 3114 Heruei‚
1119 3047 1153 3102 et
1176 3039 1285 3103 reddit

178 3161 238 3225 per
262 3160 387 3203 annum
411 3161 478 3203 .xs.

243 3244 414 3327 Johannes
439 3243 596 3307 Porthors
620 3253 711 3308 tenet
734 3244 874 3308 domum
898 3244 1065 3327 lapideam
1090 3265 1189 3328 super
1215 3266 1285 3309 cor-

179 3349 307 3412 nerium
334 3368 379 3411 ex
411 3348 568 3430 opposito
595 3349 733 3412 ecclesie
759 3346 875 3413 Sancti
908 3348 1090 3431 Sepulchri,
1113 3360 1147 3413 et
1177 3350 1286 3414 reddit

178 3451 217 3534 .ij.
242 3472 371 3516 marcas
394 3461 427 3515 et
451 3451 649 3516 dimidiam¹.

243 3557 341 3620 onr
378 3554 502 3638 Rogeri
539 3556 699 3639 Popelote
735 3566 828 3621 tenet
864 3576 968 3620 vnum
1007 3559 1215 3641 mesuagium
1251 3562 1285 3625 in

179 3660 308 3723 venella
331 3658 456 3724 Sancte
481 3659 709 3743 Radegundis,
731 3670 765 3724 et
790 3660 899 3723 reddit
924 3659 1022 3741 .xij.d.

246 3764 398 3846 Rogerus
414 3764 579 3829 aurifaber
594 3773 686 3829 tenet
702 3786 801 3829 vnam
818 3785 930 3830 acram
949 3775 1035 3829 terre
1052 3766 1084 3829 in
1100 3768 1229 3849 campis
1243 3767 1286 3831 de

180 3866 381 3932 Bemewelle
398 3868 495 3932 iuxta
510 3870 718 3950 mesuagium
735 3869 866 3933 Yuonis
882 3869 961 3946 coci,
977 3877 1011 3933 et
1026 3869 1135 3933 reddit
1151 3870 1249 3953 .xij.d.
1299 3884 1393 3936 r.161b

246 3970 410 4034 Ricardus
427 3972 469 4034 de
485 3972 603 4035 Wellis
619 3982 711 4037 tenet
726 3993 830 4037 vnum
855 3974 1062 4055 mesuagium
1079 3974 1112 4038 in
1129 3975 1285 4058 parochia

181 4075 297 4141 Sancti
314 4074 490 4138 Michaelis
506 4076 538 4138 in
557 4078 584 4139 F
586 4076 851 4152 indesiluerlane,
868 4086 902 4140 et
918 4076 1027 4140 reddit
1042 4078 1140 4160 .xij.d.

946 4179 1103 4265 [Summa
1118 4183 1200 4267 cvj.⁸
1214 4182 1286 4267 via]

228 4366 236 4399 ¹
254 4368 310 4417 The
326 4382 381 4417 sum
393 4368 438 4417 has
453 4383 469 4417 a
484 4368 535 4418 line
545 4368 632 4419 drawn
649 4369 756 4433 through
772 4370 799 4432 it,
814 4371 898 4420 andis
913 4370 1009 4422 altered
1024 4372 1051 4422 in
1066 4374 1171 4425 another
1181 4375 1248 4426 hand
1260 4385 1287 4426 to

182 4450 249 4515 .lilj.¹
261 4449 331 4517 .iiij.⁶
