3234 5059
162 360 227 463 111]
462 364 510 461 of
527 363 677 438 Burton
704 362 744 437 in
771 362 955 437 Kesteven
1200 382 1269 451 109

162 548 358 614 Wateruille
384 557 575 613 antecessor
602 549 750 632 predicte
779 548 939 613 Asceline
961 546 1105 631 vxor[is]
1129 542 1268 629 predicti

165 652 335 737 Radulphi
351 652 444 717 dedit
460 653 525 717 deo
539 662 574 717 et
592 652 730 717 ecclesie
746 652 852 717 sancti
875 649 987 735 Egidij
1005 653 1048 715 de
1069 648 1270 714 Bernewelle

163 757 423 822 aduocacionem
440 756 589 840 predicte
604 756 743 821 ecclesie
764 765 799 821 et
815 756 971 840 quicquid
989 756 1021 820 in
1045 753 1271 819 aduocacione

165 863 313 945 predicte
333 862 472 926 ecclesie
488 859 606 924 habuit
626 860 678 923 uel
697 859 820 925 habere
836 861 954 944 potuit,
971 869 1006 924 et
1021 859 1146 943 profert
1166 878 1270 941 quan·

163 965 257 1029 dam¹
277 965 418 1049 predicti
439 962 609 1046 Radulphi
625 973 751 1028 cartam
775 986 842 1048 que
861 965 925 1029 hoc
946 973 1095 1029 testatur.
1142 960 1272 1027 Profert

164 1071 269 1133 eciam
291 1070 474 1153 quamdam
496 1066 788 1132 confirmacionem
814 1067 964 1150 predicte
980 1066 1137 1132 Asceline
1152 1065 1271 1131 abauie

164 1173 313 1256 predicte
344 1174 504 1237 Asceline
530 1172 645 1236 vxoris
675 1172 817 1255 predicti
846 1171 1027 1255 Radulphi,
1056 1180 1090 1235 et
1120 1170 1273 1234 similiter

164 1280 347 1361 quamdam
369 1277 662 1342 confirmacionem
685 1276 748 1341 sub
773 1276 909 1341 nomine
931 1277 1104 1341 cuiusdam
1130 1274 1271 1339 Matilde

165 1383 207 1447 de
234 1383 322 1446 Diue
344 1384 467 1447 sororis
489 1384 637 1465 predicte
658 1381 818 1447 Asceline
842 1382 970 1459 abauie,
992 1382 1026 1445 in
1049 1382 1170 1464 quibus
1192 1400 1270 1443 con-

164 1487 289 1550 tinetur
308 1487 400 1570 quod
417 1488 488 1570 ipse
504 1495 737 1550 concesserunt
753 1486 818 1550 deo
833 1496 867 1551 et
882 1484 1020 1551 ecclesie
1035 1485 1142 1548 sancti
1158 1482 1270 1567 Egidii

165 1590 208 1653 de
224 1589 426 1653 Bernewelle
444 1600 479 1653 et
500 1589 680 1653 conuentui
696 1590 822 1653 ibidem
843 1588 908 1653 deo
925 1589 1145 1653 seruientibus
1167 1589 1270 1651 dona-

165 1694 296 1757 cionem
321 1714 423 1776 quam
451 1692 620 1776 predictus
649 1692 849 1775 Radulphus
876 1692 918 1756 de
945 1692 1140 1756 Wateruille
1171 1690 1347 1767 fratert4o

96 1825 99 1830 >
165 1796 388 1880 predictarum
429 1796 583 1861 Asceline
615 1806 649 1860 et
681 1795 822 1859 Matilde
853 1797 901 1860 eis
931 1796 1008 1861 fecit
1043 1795 1086 1860 de
1121 1796 1271 1880 predicta

163 1902 388 1966 aduocacione
403 1922 486 1984 quas
503 1898 627 1983 profert
642 1911 676 1964 et
688 1922 753 1983 que
765 1900 830 1963 hoc
842 1897 1030 1965 testantur¹.
1073 1900 1174 1965 Vnde
1189 1898 1271 1963 dicit

165 2006 333 2088 predictus
358 2007 450 2070 Prior
471 2004 561 2089 quod
585 2008 717 2069 racione
740 2006 964 2087 predictarum
989 2004 1213 2069 donacionum
1237 2012 1271 2068 et

164 2110 458 2175 confirmacionum
480 2111 617 2193 quidam
639 2109 828 2174 Willelmus
849 2110 892 2175 de
912 2109 1077 2175 Bedeford
1097 2109 1268 2193 quondam

167 2215 259 2278 Prior
298 2216 341 2279 de
382 2214 583 2279 Bernewelle
622 2214 836 2299 predecessor
873 2236 952 2278 suus
990 2225 1141 2297 tempore
1179 2214 1270 2297 pacis

165 2320 369 2403 presentauit
391 2321 577 2402 predictum
607 2321 776 2402 Rogerum
799 2321 842 2384 de
869 2318 1089 2403 Huntingfeld
1114 2318 1269 2383 clericum

164 2445 261 2490 suum
278 2425 370 2488 etad
386 2424 572 2508 predictam
587 2423 762 2488 ecclesiam
779 2423 842 2487 fuit
858 2424 1023 2487 admissus
1040 2432 1073 2487 et
1090 2423 1269 2499 institutus,

165 2539 200 2592 et
217 2528 335 2591 vltimo
358 2528 442 2592 obiit
463 2548 605 2611 persona
627 2527 659 2589 in
679 2527 820 2605 eadem3
844 2535 877 2591 et
896 2528 987 2609 quod
1004 2527 1050 2589 ita
1065 2526 1108 2589 sit
1124 2526 1219 2609 ponit
1234 2546 1270 2589 se

164 2653 264 2715 super
286 2650 446 2713 assysam.

231 2736 276 2799 Et
308 2735 400 2801 Otho
425 2756 484 2819 per
510 2744 716 2800 attornatum
742 2756 839 2799 suum
865 2735 946 2799 dicit
970 2734 1061 2818 quod
1086 2734 1169 2799 ad
1160 2755 1269 2819 ipsum
1285 2749 1421 2793 aneorum

164 2842 307 2924 pertinet
324 2850 513 2922 presentare
528 2839 571 2903 ad
582 2840 768 2921 predictam
785 2838 958 2903 ecclesiam
975 2859 1015 2903 eo
1025 2837 1114 2921 quod
1125 2837 1319 2942 quedamw
1285 2799 1397 2893 ggnognso.

166 2944 310 3008 Matilda
324 2943 367 3008 de
384 2945 473 3009 Diua
489 2947 566 3010 auia
581 2945 684 3028 ipsius
707 2943 852 3009 Othonis
868 2943 986 3008 vltimo
1002 2944 1207 3025 presentauit
1227 2946 1270 3007 ad
1285 2900 1356 2943 ΜΠ
1339 2902 1406 2943 'm

166 3049 350 3131 predictam
374 3049 549 3113 ecclesiam
574 3049 746 3129 Rogerum
769 3058 921 3131 tempore
944 3049 1035 3131 pacis
1061 3058 1095 3112 et
1121 3059 1272 3130 tempore

164 3151 327 3234 Johannis
344 3152 454 3236 Regis,
470 3153 527 3235 qui
547 3151 590 3216 ad
611 3152 895 3235 presentacionem
917 3172 1012 3215 suam
1029 3150 1091 3215 fuit
1106 3153 1272 3216 admissus

165 3266 199 3321 et
215 3257 397 3333 institutus,
412 3266 446 3320 et
463 3256 581 3321 vltimo
596 3256 681 3339 obijt
696 3278 840 3340 persona
855 3257 887 3319 in
905 3256 1044 3334 eadem;
1069 3266 1102 3319 et
1118 3259 1207 3339 quod
1225 3258 1272 3322 ita

164 3360 208 3425 sit
231 3362 328 3443 ponit
357 3382 393 3424 se
419 3383 519 3443 super
548 3381 708 3445 assysam.
764 3361 808 3423 Et
834 3361 973 3444 predicti
1006 3361 1206 3444 Radulphus
1237 3371 1271 3426 et

165 3464 325 3529 Ascelina
347 3465 507 3529 similiter.
553 3465 599 3530 Et
623 3465 698 3527 ideo
721 3464 874 3548 capiatur
896 3485 1020 3548 assysa‚
1043 3474 1104 3528 etc.

242 3680 287 3743 16.
332 3679 363 3742 A
367 3677 453 3742 ssisa
466 3689 558 3761 capta
572 3678 612 3742 dc
625 3678 835 3743 aduocact'one
849 3678 989 3743 Ecchsic
1001 3679 1041 3743 de
1055 3678 1197 3745 Bertone.

621 3781 745 3866 Jurati
756 3793 808 3845 etc.

216 3935 307 4007 Jurati
328 3935 426 3990 dicunt
446 3936 522 4005 quod
547 3936 691 4005 predictus
715 3934 876 3990 Willelmus
900 3935 936 3990 de
962 3936 1102 3993 Bedeford
1125 3938 1271 4008 quondam
1286 3957 1411 4050 ³1⁸1„qu

166 4025 245 4079 Prior
267 4025 304 4078 de
330 4023 501 4078 Bernewelle
525 4023 708 4093 predecessor
731 4021 813 4077 istius
841 4022 944 4077 Prioris
972 4024 1071 4079 ultimo
1098 4026 1271 4096 presentauit
1285 4008 1383 4100 ἓξὲξ
1392 4008 1435 4051 ‘¹²‘

164 4112 323 4183 predictum
350 4112 494 4182 Rogemm
517 4110 554 4165 de
577 4109 766 4207 lluntingfeld
790 4108 924 4163 clericum
945 4127 1027 4165 suum
1052 4111 1089 4165 ad
1115 4112 1270 4181 predictam
1285 4108 1384 4211 iffi!

164 4200 313 4255 ecclesiam
326 4210 453 4269 tempore
465 4199 545 4268 pacis
557 4196 605 4268 qui
622 4196 659 4251 ad
676 4197 919 4267 presentacionem
933 4214 1013 4253 suam
1026 4199 1078 4254 fuit
1090 4200 1230 4255 admissus
1243 4211 1271 4257 et

164 4285 310 4342 institutus
321 4295 351 4340 et
365 4285 465 4341 ultimo
481 4284 552 4339 obiit
569 4300 690 4355 persona
704 4284 734 4338 in
751 4284 860 4351 eadem,
873 4294 902 4340 et
918 4286 983 4340 ideo
1000 4285 1209 4342 consideratum
1226 4298 1270 4344 est

418 4406 427 4438 ¹
444 4416 572 4473 quantam,
586 4406 643 4459 MS.
808 4405 820 4437 ²
835 4414 947 4466 testatur,
960 4406 1018 4460 MS.
