3234 5059
246 1544 560 1630 ECCLESIE
603 1548 690 1629 DE
733 1546 1142 1632 BERNWELLE

478 1751 649 1825 LIBER
687 1752 912 1828 PRIMUS.

289 2114 451 2197 Prologus
473 2112 509 2177 in
531 2111 652 2177 libmm
675 2108 957 2175 mmorandomm
980 2112 1100 2177 ecclesie

441 2214 661 2280 conuentualis
682 2214 722 2278 de
745 2213 943 2279 Bernewelle.

206 2394 285 2461 Sole
300 2397 344 2460 ad
356 2416 511 2460 occasum
524 2395 692 2471 tendente,
706 2394 815 2459 feruor
829 2395 894 2460 diei
911 2396 1060 2479 tepescit,
1071 2406 1105 2461 et
1121 2397 1248 2462 mundo
1260 2408 1386 2501 33:¹⁰⁰

135 2510 342 2577 senescente,
357 2501 477 2564 caritas
497 2500 688 2582 refrigescit
735 2498 813 2576 Sed,
833 2500 912 2582 quia
932 2500 1091 2583 scriptum
1115 2513 1174 2578 est,
1190 2500 1247 2565 ubi
1260 2508 1337 2551 work·

136 2605 321 2688 refrigescit
337 2605 457 2668 caritas
473 2605 518 2667 ibi
534 2604 727 2668 dominatur
747 2603 914 2687 iniquitas
931 2624 998 2668 non
1017 2614 1068 2670 est
1084 2606 1203 2669 mirum
1219 2606 1247 2669 si

136 2708 229 2771 fraus
243 2708 341 2771 dolus
363 2717 396 2771 et
417 2708 558 2781 malicia,
573 2717 750 2789 ceteraque
771 2706 857 2770 uicia
878 2708 911 2770 in
932 2708 1059 2771 mundo
1074 2708 1247 2792 pululent;

135 2812 198 2875 sed
229 2811 337 2894 magis
367 2812 556 2876 timendum
591 2819 651 2888 est,
681 2811 708 2873 si
739 2810 985 2889 conualescant,
1015 2814 1105 2894 quod
1137 2820 1247 2876 totum

136 2915 302 2979 mundum
327 2936 389 2979 suo
413 2936 544 2980 ueneno
570 2914 726 2979 inficient.
772 2914 862 2998 Quia
886 2924 998 2980 tamen
1024 2917 1078 3000 pie
1102 2917 1248 2982 creditur

137 3019 240 3103 quod,
267 3020 323 3083 ubi
347 3029 398 3084 est
425 3022 561 3103 spiritus
587 3019 650 3095 dei,
675 3019 720 3082 ibi
747 3020 810 3083 erit
836 3028 870 3084 et
895 3020 1049 3097 libertas;
1080 3022 1165 3084 serui
1193 3023 1246 3085 dei

136 3125 292 3207 quamuis
319 3144 488 3207 pressuras
514 3126 688 3208 paciantur
714 3124 747 3187 in
775 3123 911 3197 mund0,
935 3144 1002 3189 non
1028 3135 1142 3190 tamen
1168 3146 1247 3190 con·

137 3228 320 3291 fundentur
340 3229 373 3291 in
395 3237 546 3311 tempore
568 3227 665 3292 malo.
712 3228 781 3294 Sed
796 3228 941 3293 saluabit
959 3249 1017 3293 eos
1032 3231 1197 3308 dominus,
1213 3240 1247 3295 et

138 3332 293 3396 liberabit
312 3352 379 3408 eos,
394 3341 428 3395 et
448 3344 542 3397 eruet
562 3353 620 3397 eos
640 3354 661 3397 a
681 3332 911 3417 peccatoribus
932 3334 1010 3416 quia
1031 3345 1248 3418 sperauerunt

137 3438 173 3501 in
189 3457 238 3501 eo.
284 3435 508 3519 Quapropter,
524 3444 562 3500 ut
582 3436 670 3500 serui
690 3438 745 3503 dei
765 3438 809 3501 de
824 3446 935 3501 cetero
951 3437 1086 3502 liberius
1101 3440 1248 3505 euadant

138 3562 257 3606 manus
268 3541 442 3604 hominum
452 3541 641 3623 impiorum,
651 3561 710 3623 per
721 3541 962 3624 omnipotentis
972 3543 1025 3605 dei
1036 3542 1248 3621 adiutorium,

137 3668 182 3710 ex
199 3666 266 3729 quo
282 3656 408 3710 certum
425 3653 476 3709 est
497 3644 588 3728 quod
604 3646 752 3709 humana
771 3647 933 3710 memoria
947 3645 1056 3711 labilis
1072 3659 1133 3725 est,
1147 3670 1248 3732 opere

138 3752 285 3834 precium
307 3759 358 3813 est
379 3749 413 3812 in
434 3750 565 3832 scriptis
587 3749 700 3834 aliqua
716 3749 873 3830 redigere,
891 3770 956 3833 que
977 3750 1115 3815 ecclesie
1135 3762 1248 3817 nostre

138 3854 274 3919 utilitati
297 3854 426 3937 possint
449 3852 617 3936 proficere,
638 3863 672 3917 et
695 3853 852 3917 iratribus
875 3854 1005 3932 nostris,
1022 3856 1190 3920 modernis
1213 3867 1247 3922 et

138 3968 215 4041 post
236 3957 364 4033 suturis,
380 3958 413 4020 in
430 3957 498 4021 suis
518 3958 690 4039 angustiis,
705 3968 739 4021 et
760 3957 918 4021 seuientis
935 3958 1050 4023 mundi
1067 3962 1246 4043 persecuti-

137 4065 266 4140 onibus,
282 4083 341 4147 per
361 4062 602 4145 inspectionem
624 4062 723 4126 huius
746 4060 848 4125 libelli
871 4063 1057 4126 subuenire.
1102 4064 1159 4129 Ad
1182 4064 1246 4129 hoc

137 4169 238 4253 igitur
267 4187 352 4250 opus
383 4186 529 4249 congrue
558 4166 798 4249 perficiendum
831 4167 967 4250 spiritus
996 4168 1103 4232 sancti
1134 4170 1245 4253 gracia

137 4292 235 4337 suum
258 4276 399 4354 prestet¹
421 4268 594 4335 auxilium.

585 4448 593 4481 ¹
611 4452 790 4516 patenulis.
