3234 5059
311 361 392 433 ·186
588 363 679 438 Casa
705 364 754 461 os
770 361 880 435 Alan
905 360 949 434 dc
975 359 1153 434 Freslone
1303 355 1424 454 [Βοοκ

317 545 384 603 fecit
405 549 441 604 de
462 551 587 622 quodam
609 552 720 607 redditu
739 568 834 606 annuo
853 549 1042 620 quadraginta
1060 547 1224 614 solidorum,
1242 560 1327 617 quem
1349 542 1424 598 idem

318 635 426 692 Alanus
436 637 465 692 in
474 639 552 694 curia
561 650 658 695 nostra
666 655 761 694 coram
769 637 934 709 justiciariis
943 637 1047 692 nostris
1056 637 1133 707 apud
1141 632 1425 690 westmonasterium

318 740 336 777 a
352 723 479 792 predicto
499 726 596 782 Priore
612 726 706 797 exigit,
720 725 813 796 ipsum
832 726 957 781 Priorem
975 725 1004 780 in
1018 724 1112 780 causis
1124 741 1173 779 seu
1189 721 1315 792 negocijs
1328 721 1424 774 iuuare

317 819 346 865 et
371 812 518 868 consulere
543 813 691 878 recusauit,
716 830 781 868 curn
806 829 857 883 per
881 812 973 883 ipsum
1000 812 1125 867 Priorem
1150 810 1248 866 ruisset
1273 808 1339 862 inde
1363 823 1424 878 pre·

317 899 451 968 munitus,
471 901 542 955 sicut
560 901 703 970 predictus
724 900 803 955 Prior
825 900 903 969 dicit,
921 900 967 955 uel
985 915 1052 965 non,
1071 898 1143 953 sicut
1162 897 1299 967 magister
1315 895 1424 949 Manus

317 985 393 1042 dicit
432 988 506 1056 Quia
531 999 590 1043 tam
609 989 758 1063 predictus
774 987 910 1057 magister
928 987 1037 1042 Alanus
1058 1002 1146 1058 quam
1170 983 1314 1055 predictus
1337 981 1423 1047 Prior,

316 1072 389 1128 inter
407 1091 478 1145 quos
500 1076 566 1131 inde
587 1077 737 1132 contencio
758 1085 811 1143 est,
833 1084 987 1146 posuerunt
1010 1091 1041 1130 se
1065 1075 1095 1128 in
1116 1075 1240 1144 juratam
1262 1072 1348 1127 illam.
1387 1071 1424 1124 Et

317 1161 424 1216 habeas
441 1162 479 1216 ibi
497 1162 614 1218 nomina
628 1162 786 1232 juratorum
799 1171 827 1217 et
841 1163 896 1217 hoc
908 1163 1002 1218 breue.
1039 1163 1126 1216 Teste
1143 1163 1168 1231 J.
1182 1160 1219 1216 de
1232 1157 1425 1229 Metingham¹

318 1251 394 1321 apud
404 1250 689 1306 Westmonasterium
702 1249 782 1321 .vij⁰.
797 1251 844 1306 die
858 1250 1026 1306 Decembris
1039 1267 1115 1305 anno
1127 1249 1206 1319 regni
1220 1247 1307 1303 nostri
1321 1245 1425 1314 .xxij⁰.¹

447 1438 514 1486 121.
558 1422 755 1487 Inrotulatio
778 1422 813 1487 in
836 1422 932 1488 banco
953 1423 993 1486 dc
1006 1423 1127 1506 placito
1149 1420 1305 1505 magistri

698 1524 806 1588 Alani
827 1525 867 1588 de
887 1523 1047 1588 Frestone.

156 1678 260 1720 ntanue
372 1659 452 1712 Prior
469 1657 505 1712 de
525 1658 695 1714 Remewelle
714 1657 902 1712 summonitus
919 1657 971 1712 fuit
990 1657 1028 1712 ad
1046 1656 1274 1727 respondendum
1289 1653 1427 1724 magistro

156 1730 306 1830 ξῗξὲξῖζη
318 1739 410 1802 Alaho
422 1746 459 1801 de
472 1746 608 1802 Frestone
620 1748 656 1802 de
673 1747 777 1817 placito
794 1748 870 1817 quod
888 1746 988 1802 reddat
1000 1746 1026 1801 ei
1039 1745 1138 1817 viginti
1151 1755 1179 1800 et
1192 1754 1301 1814 septem
1314 1759 1425 1798 marcas

155 1828 198 1871 '¹²‘
209 1828 278 1870 “¹⁰³
317 1853 372 1908 que
384 1835 410 1892 ei
429 1845 521 1892 aretro
540 1847 605 1891 sunt
620 1837 657 1891 de
673 1853 769 1892 annuo
787 1835 898 1891 redditu
916 1835 1106 1907 quadraginta
1122 1835 1276 1889 solidorum
1295 1831 1426 1904 quernei

155 1890 224 1921 owee
233 1876 285 1918 him

155 1928 281 2021 33:¹¹⁸,
318 1925 403 1980 debet
415 1933 478 1992 etc.,
491 1925 565 1981 vnde
583 1925 651 1981 dicit
668 1926 745 1997 quod
761 1942 827 1981 cum
843 1924 960 1996 quidam
977 1926 1095 1996 Jolanus
1112 1924 1257 1995 quondam
1274 1921 1354 1976 Prior
1372 1931 1424 1976 etc.

157 2028 251 2070 nrrtner
318 2013 499 2083 predecessor
516 2011 634 2083 predicti
656 2013 758 2068 Prioris
776 2024 803 2068 et
823 2013 950 2068 eiusdem
967 2013 1023 2067 loci
1041 2023 1198 2068 conuentus
1218 2010 1426 2066 concessissent

156 2079 276 2181 ¹4¹3,ss
319 2101 411 2157 eidem
441 2101 578 2171 magistro
602 2103 695 2157 Alano
719 2103 877 2172 predictum
908 2119 1033 2157 annuum
1064 2100 1207 2158 redditum
1238 2099 1427 2172 quadraginta

155 2185 281 2281 {fistffm
319 2189 472 2244 solidorum
493 2191 531 2245 ad
554 2191 626 2246 duos
648 2193 782 2246 terminos
803 2190 870 2245 anni
893 2191 1105 2261 percipiendum
1127 2191 1163 2245 de
1185 2205 1298 2245 camera
1320 2189 1425 2244 scilicet

319 2277 418 2348 viginti
441 2278 546 2333 solidos
565 2279 639 2333 inira
656 2279 774 2333 octabas
794 2279 905 2333 Pasche
923 2288 951 2333 et
969 2278 1068 2348 viginti
1087 2277 1194 2333 solidos
1215 2277 1288 2332 infra
1309 2278 1427 2332 octabas

320 2367 416 2422 Sancti
443 2365 592 2422 Michaelis
616 2367 751 2438 quamdiu
773 2367 834 2437 ipse
854 2367 964 2420 Alanus
985 2367 1084 2422 vixerit
1106 2382 1253 2437 quousque
1277 2383 1328 2436 per
1348 2367 1426 2437 ipsos

320 2455 444 2512 Priorem
462 2466 490 2511 et
508 2458 685 2511 Conuentum
702 2456 816 2512 vberius
834 2455 933 2511 fuisset
951 2456 1095 2526 prouisum
1113 2466 1175 2524 etc.,
1188 2456 1331 2525 predictus
1349 2454 1427 2510 Prior

319 2543 459 2615 predictas
471 2543 570 2614 viginti
582 2555 611 2601 et
624 2555 731 2617 septem
741 2562 852 2600 marcas
865 2545 901 2601 de
913 2545 1062 2615 arreragijs
1071 2545 1190 2616 predicti
1200 2547 1287 2600 annui
1299 2545 1426 2600 redditus

158 2644 186 2686 tn
197 2647 300 2695 support
319 2632 345 2686 ei
375 2632 477 2687 iniuste
508 2631 627 2687 detinuit
656 2643 685 2688 et
714 2632 833 2687 reddere
862 2632 1049 2698 contradicim
1086 2644 1114 2689 et
1145 2635 1219 2689 vnde
1250 2633 1318 2688 dicit
1349 2634 1426 2704 quod

155 2693 296 2786 ῗξέἑζζοιῗζ
319 2711 504 2777 deterioratos
523 2732 566 2777 est
584 2732 612 2777 et
631 2721 786 2792 dampnum
802 2722 889 2778 habet
905 2721 943 2777 ad
955 2723 1114 2778 valenciam
1132 2733 1247 2778 centurn
1265 2722 1425 2778 solidorum.

155 2796 277 2895 ffiffiss'
286 2804 301 2834 ¹
321 2809 359 2865 Et
371 2808 438 2864 inde
451 2809 579 2880 producit
592 2820 699 2865 sectam
712 2820 772 2878 etc,
786 2819 814 2864 et
823 2809 927 2880 profert
939 2811 1085 2882 quoddam
1097 2811 1233 2881 scriptum
1246 2811 1299 2866 sub
1312 2810 1426 2866 nomine

156 2893 274 2997 {yffi}
320 2897 437 2968 predicti
461 2899 556 2968 Jolani
580 2900 724 2969 quondam
748 2899 852 2953 Prioris
871 2911 900 2954 et
921 2910 1077 2954 conuentus
1098 2911 1149 2954 etc.
1172 2901 1249 2971 quod
1270 2900 1426 2971 predictum

153 2995 236 3048 Jotan.
319 3003 445 3042 annuum
457 2986 598 3042 redditum
614 2997 732 3043 testatur
748 3001 800 3043 etc.
818 2998 846 3042 et
864 2988 1007 3059 predictus
1023 2990 1132 3044 Alanus
1145 2988 1174 3042 in
1188 2990 1320 3044 omnibus
1333 2991 1426 3045 causis

320 3093 369 3131 seu
395 3075 520 3146 negociis
545 3075 669 3148 ipsorum
695 3077 797 3131 Prioris
820 3086 847 3131 et
867 3089 1023 3132 conuentus
1044 3076 1164 3147 agendis
1188 3087 1217 3134 et
1242 3079 1427 3134 defendendis

320 3163 523 3235 patrocinium⁸
552 3166 706 3221 secundum
738 3181 822 3235 posse
859 3181 941 3219 suum
972 3165 1086 3236 propria
1118 3183 1169 3220 sua
1205 3166 1364 3237 equitatura
1400 3177 1427 3222 et

321 3251 502 3324 su[m]ptibus
520 3253 645 3324 ipsorum
665 3254 768 3309 Prioris
787 3265 815 3308 et
834 3264 990 3309 conuentus
1008 3254 1128 3309 fideliter
1146 3265 1271 3326 patraret
1290 3265 1342 3310 etc.
1355 3265 1384 3311 et
1401 3258 1426 3311 si

320 3342 495 3412 contingeret
519 3343 612 3413 ipsum
636 3343 731 3414 aliquo
755 3342 894 3412 legittimo
922 3345 1008 3398 modo
1033 3344 1163 3414 impediri
1193 3346 1344 3414 quominus
1372 3347 1427 3400 hoc

321 3431 506 3501 personaliter
523 3431 616 3487 iecere
633 3443 728 3502 posset
746 3449 849 3488 causas
867 3433 993 3503 ipsorum
1013 3433 1118 3488 Prioris
1136 3444 1164 3488 et
1190 3445 1346 3490 conuentus
1368 3436 1428 3490 siue

246 3521 263 3569 f.
277 3537 308 3585 70
321 3520 441 3591 negocia
456 3520 582 3588 instruet,
599 3530 627 3575 et
644 3522 729 3577 alium
748 3522 890 3592 ydoneum
907 3523 970 3578 loco
987 3522 1029 3576 sui
1047 3523 1109 3591 (sic)
1127 3525 1286 3593 sumptibus
1303 3524 1427 3595 ipsorum

323 3610 427 3665 Prioris
438 3620 467 3666 et
479 3620 637 3667 conuentus
649 3611 802 3668 destinabit
815 3623 867 3667 ete.

515 3808 582 3856 122.
627 3791 802 3876 Responsio
824 3792 958 3855 Prrbris
978 3793 1018 3856 de
1040 3792 1240 3858 Bernewelle.

157 3940 210 3982 une
221 3940 290 3983 Prior
375 3931 413 3987 Et
433 3929 513 3984 Prior
530 3946 580 4000 per
595 3939 771 3984 attornatum
790 3945 871 3984 suum
887 3929 964 3984 venit
982 3939 1011 3983 et
1029 3931 1103 3984 bene
1120 3930 1253 3999 cognouit
1270 3930 1428 4001 predictum

158 3990 308 4084 mma
322 4018 457 4090 scriptum
469 4034 532 4074 esse
544 4016 649 4073 facturn
667 4017 783 4087 predicti
798 4017 1004 4088 predecessoris
1017 4017 1060 4071 sui
1073 4026 1100 4072 et
1113 4027 1269 4072 conuentus
1281 4027 1333 4073 etc.
1372 4019 1429 4074 Sed

370 4140 380 4173 ¹
397 4143 422 4192 Α
430 4141 508 4206 judge
519 4140 549 4190 os
560 4140 603 4190 the
616 4141 705 4205 King¹s
717 4140 811 4190 Bench.

370 4223 452 4274 ΞἹἸιε
474 4223 563 4274 author
585 4223 630 4272 has
653 4223 761 4272 inserted
787 4223 814 4271 in
834 4237 903 4272 error
925 4221 969 4272 the
990 4223 1078 4272 venire
1089 4222 1177 4287 facias
1198 4223 1281 4273 issued
1302 4223 1365 4273 aster
1387 4223 1431 4274 the

321 4308 412 4376 parties
424 4307 473 4356 had
485 4305 594 4372 pleeded
605 4305 703 4354 instead
714 4303 744 4354 os
751 4303 794 4354 the
805 4303 912 4369 original
923 4304 986 4353 writ.

369 4389 562 4456 'participium
577 4389 635 4439 MS.
698 4431 703 4442 .
