3234 5059
374 358 447 430 320
695 337 858 412 Tenants
881 337 922 409 in
948 336 1150 411 Barnwell
1360 336 1476 437 [Boou

439 524 606 589 Robertus
629 524 806 589 Maniaunt
830 534 922 590 tenet
943 544 1046 589 unum
1069 525 1277 609 mesuagium
1293 546 1394 611 super
1408 548 1476 592 cor-

371 629 500 692 nerium
517 628 654 701 venelle‚
671 639 705 693 et
720 629 830 693 reddit
846 650 906 712 per
920 648 1045 692 annum
1062 628 1141 711 .xiij.
1157 629 1319 694 denarios.

439 733 583 797 Michael
603 733 803 797 carectarius
823 741 917 798 tenet
931 753 1035 797 vnum
1059 734 1267 817 mesuagium
1289 734 1323 797 in
1339 736 1474 812 venelia,

371 848 405 901 et
428 838 538 902 reddit
558 858 617 920 per
639 857 763 903 annum
785 838 839 903 .xi.
858 836 1013 902 denarios
1029 836 1070 920 .ij.
1085 858 1240 921 capones
1255 838 1296 921 .ij.
1313 841 1474 923 precarias

371 938 476 1027 [quod
493 962 581 1007 nunc
598 951 690 1006 tenet
707 941 891 1007 Nicholaus
907 940 1100 1024 trituratur}

437 1046 606 1128 Margaria
644 1044 749 1129 Speid
779 1054 872 1110 tenet
902 1065 1005 1110 vnum
1042 1047 1250 1127 mesuagium
1287 1048 1319 1109 in
1358 1048 1473 1112 eadem

371 1148 509 1226 venella,
526 1161 560 1214 et
582 1150 691 1215 reddit
712 1171 771 1233 per
790 1170 917 1214 annum
934 1150 986 1233 .iij.
1003 1150 1138 1227 solidos,
1152 1150 1193 1234 .ij.
1210 1172 1355 1235 capones
1371 1151 1474 1237 [quod

372 1274 461 1318 nunc
477 1264 570 1319 tenet
586 1254 776 1319 Willelmus
791 1253 880 1319 lilius
896 1254 990 1338 eius].
1564 1239 1569 1248 ¹

439 1359 606 1424 Robertus
627 1359 830 1442 Baldewyne
848 1369 942 1425 tenet
960 1379 1062 1425 vnum
1085 1360 1293 1443 mesuagium
1309 1363 1342 1425 in
1359 1360 1475 1426 eadem

371 1462 511 1539 venelia,
534 1474 568 1528 et
599 1462 709 1528 reddit
735 1484 794 1546 per
820 1481 946 1529 annum
974 1462 1050 1547 .viij.
1076 1463 1231 1529 denarios
1259 1464 1364 1549 [quod
1391 1486 1477 1530 nunc

371 1576 463 1631 tenet
479 1567 667 1632 Willelmus
683 1566 771 1630 filius
785 1566 880 1651 eius].

437 1670 594 1735 Oliuerus
616 1671 745 1735 Messer
764 1679 858 1735 tenet
875 1690 975 1757 vnam
997 1670 1148 1755 placeam
1170 1692 1308 1736 vacuam
1331 1694 1397 1756 que
1417 1673 1477 1739 luit

372 1776 511 1840 Walteri
539 1776 658 1853 Packe,
684 1784 717 1839 et
744 1775 855 1840 reddit
885 1797 944 1858 per
970 1795 1096 1840 annum
1124 1776 1192 1859 .xij.
1218 1776 1372 1842 denarios
1399 1778 1477 1862 [que

372 1889 522 1944 remanet
545 1880 577 1943 in
603 1900 704 1943 manu
728 1880 873 1964 Prioris].

435 1984 599 2068 Joachym
630 1994 664 2049 et
696 1984 900 2049 Laurencius
932 1984 1015 2047 Dixi
1043 1984 1181 2067 [paruus
1214 1985 1332 2070 Hugo]
1362 1996 1478 2053 tenent

371 2110 471 2153 vnam
498 2090 649 2173 placeam
672 2109 738 2172 que
760 2089 932 2172 quondam
957 2089 1019 2154 luit
1043 2088 1182 2153 Roberti
1209 2091 1252 2154 de
1279 2089 1421 2169 Brunue‚
1444 2102 1477 2155 et

371 2193 480 2257 reddit
494 2192 557 2276 .vij.
573 2193 728 2257 denarios
748 2192 821 2275 [sed
843 2213 902 2275 per
922 2201 1049 2256 cartam
1069 2192 1229 2258 deberent
1250 2194 1379 2258 soluere
1399 2194 1476 2277 .xvj.

369 2297 524 2362 denarios
539 2307 574 2361 et
590 2295 631 2378 .ij.
646 2294 815 2379 capones}

438 2402 500 2467 Iuo
523 2422 622 2466 cocus
646 2410 738 2465 tenet
764 2421 868 2465 vnum
896 2403 1103 2485 mesuagium
1131 2402 1221 2484 quod
1252 2402 1312 2466 luit
1342 2401 1475 2467 Radulti

370 2507 413 2570 de
433 2506 684 2581 Theuerisham‚
699 2516 733 2569 et
754 2505 864 2570 reddit
886 2525 1089 2588 perannum
1111 2504 1163 2588 .iij.
1185 2505 1309 2570 solidos
1324 2505 1397 2589 [sed
1419 2528 1478 2590 per

370 2622 495 2676 cartam
517 2612 654 2675 deberet
672 2610 801 2674 soluere
820 2631 916 2673 .xxx.
932 2608 1085 2673 denarios
1104 2618 1139 2672 et
1154 2608 1195 2691 .ij.
1217 2630 1371 2692 capones,
1386 2620 1421 2675 et
1436 2610 1477 2693 .ij.

372 2714 558 2798 precarias}

439 2819 543 2901 Hugo
573 2817 615 2881 de
647 2818 780 2881 Brunne
810 2826 903 2879 tenet
930 2836 1031 2878 vnum
1063 2817 1271 2899 mesuagium
1299 2817 1389 2899 quod
1417 2816 1478 2881 suit

371 2924 533 3007 Johannis
560 2924 640 2998 coci,
666 2933 700 2986 et
727 2922 837 2985 reddit
863 2941 1070 3004 perannum
1098 2920 1164 3003 .xij.
1191 2921 1345 2985 denarios
1371 2920 1477 3004 [quod

372 3049 459 3092 nunc
475 3038 566 3092 tenet
582 3048 667 3092 vxor
682 3024 857 3109 eiusdem]¹

437 3133 607 3216 johannes
632 3131 711 3197 Crul
733 3140 827 3195 tenet
850 3149 950 3194 vnam
973 3129 1124 3213 placeam
1149 3130 1244 3193 iuxta
1268 3130 1476 3212 mesuagium

372 3238 452 3300 dicti
471 3236 635 3320 Hugonis,
651 3244 685 3299 et
700 3235 811 3300 reddit
826 3256 885 3318 per
900 3255 1025 3299 annum
1042 3234 1115 3317 .viij.
1133 3233 1295 3297 denarios,

440 3341 537 3405 lbota
563 3341 606 3405 de
637 3340 877 3405 Bradenhache
903 3348 996 3404 tenet
1021 3360 1123 3404 vnum
1152 3338 1360 3420 mesuagium
1387 3340 1478 3422 quod

372 3446 434 3509 fuit
457 3446 613 3528 Hugonis
628 3447 671 3510 de
692 3445 834 3519 Brunne,
854 3454 889 3507 et
904 3444 1013 3509 reddit
1028 3461 1227 3527 perannum
1244 3442 1300 3505 .ix.
1315 3441 1480 3519 denarios,

371 3550 400 3631 .j.
423 3569 585 3632 caponem
611 3548 652 3632 [.j.
676 3549 879 3631 precariam:
900 3547 991 3630 quod
1015 3567 1103 3611 nunc
1125 3556 1218 3612 tenet
1241 3546 1401 3629 magister
1422 3548 1479 3629 Jo-

371 3653 497 3717 hannes
520 3654 563 3717 de
587 3650 756 3735 RelhamJ.

438 3758 621 3820 Nicholaus
642 3757 685 3820 de
709 3753 896 3819 infirmaria
915 3746 1129 3821 tenetvnum
1152 3754 1359 3837 mesuagium
1380 3775 1480 3838 super

370 3861 555 3925 cornerium
577 3859 714 3935 venelle‚
735 3870 769 3923 et
790 3859 901 3923 reddit
922 3857 996 3941 ,viij.
1017 3859 1180 3936 denarios,
1200 3858 1241 3941 .ij.
1262 3880 1417 3942 capones,
1439 3859 1479 3940 .ij.

371 3966 536 4049 precarias
552 3964 656 4049 [quod
673 3985 760 4028 nunc
775 3975 868 4029 tenet
883 3964 1055 4047 Johannes
1070 3965 1112 4029 de
1129 3964 1160 4028 la
1176 3962 1278 4047 Sale].

438 4071 533 4134 Idem
569 4070 753 4133 Nicholaus
787 4079 880 4133 tenet
913 4090 1015 4133 vnum
1053 4069 1259 4151 mesuagium
1295 4068 1385 4152 quod
1417 4068 1480 4131 fuit

371 4173 506 4237 Osberti
537 4172 746 4254 carpentarij,
775 4183 810 4234 et
840 4170 950 4235 reddit
981 4191 1039 4253 per
1069 4192 1193 4234 annum
1225 4170 1292 4251 ,xij.
1323 4170 1478 4234 denarios

370 4276 474 4359 [quod
506 4296 594 4339 nunc
629 4286 745 4339 tenent
778 4276 946 4338 Robertus
977 4276 1019 4339 de
1052 4275 1219 4337 Fulburne
1253 4283 1285 4336 et
1320 4274 1479 4355 Johanna

254 4396 271 4445 s.
287 4398 357 4463 1781>
371 4381 515 4466 Cokyn}
