3234 5059
161 395 193 495 1]
374 397 435 469 the
452 396 665 494 provisions
690 394 740 489 os
759 395 907 469 Gz'lbert
931 394 1050 469 Peche
1221 415 1265 486 53

159 580 270 636 Pecche
291 597 325 635 ex
346 580 444 649 altera,
465 580 503 636 ad
524 578 643 635 modum
663 578 833 650 cyrographi
858 576 1024 646 conlectas1,
1046 575 1219 648 inspeximus
1239 575 1267 631 in

157 670 211 725 hec
228 669 325 725 uerba.

211 755 353 813 Omnibus
376 757 430 812 has
453 755 561 811 litteras
585 755 754 827 inspecturis
778 755 923 813 Gilbertus
952 754 1062 811 Pecche
1091 755 1211 810 salutem
1238 752 1266 807 in

157 844 275 899 domino
295 844 505 915 sempiternam
550 844 670 901 Nouerit
692 844 862 901 uniuersitas
883 854 979 900 uestra
1002 860 1049 899 me
1074 842 1111 897 ad
1132 841 1267 897 dilucida·

157 929 269 986 cionem
287 930 355 986 iuris
373 940 540 1002 patronatus
557 940 611 985 etc.
648 931 783 987 Testibus
802 941 854 987 etc.

211 1020 275 1073 Nos
286 1029 391 1087 antem,
405 1036 576 1074 consensum
588 1029 617 1075 et
630 1018 843 1075 concessionem
856 1018 998 1092 predictas
1010 1018 1077 1073 hinc
1094 1016 1160 1073 inde
1176 1017 1267 1072 lactas

157 1116 348 1177 acceptantes,
361 1123 410 1161 eas
422 1124 475 1177 pro
486 1107 571 1163 nobis
583 1117 611 1163 et
623 1106 775 1163 heredibus
791 1107 904 1175 nostris,
917 1116 1055 1180 quantum
1073 1106 1101 1161 in
1119 1104 1202 1161 nobis
1214 1116 1267 1173 est,

157 1196 340 1251 concedimus
348 1194 1266 1268 etconfirmamussicutlitterepredicteracionabilitertestantur,

156 1284 283 1339 volentes
301 1294 330 1338 et
346 1284 536 1340 concedentes
552 1301 604 1355 pro
620 1283 704 1339 nobis
720 1294 749 1339 et
766 1284 919 1341 heredibus
938 1283 1042 1339 nostris
1059 1282 1136 1353 quod
1152 1298 1205 1337 nos
1217 1298 1267 1337 seu

155 1371 274 1427 heredes
287 1371 375 1427 nostri
388 1371 417 1427 in
435 1372 564 1427 Prioratu
580 1370 708 1443 predicto
726 1388 776 1426 seu
793 1370 923 1427 custodia
940 1370 1069 1427 eiusdem
1087 1369 1174 1425 nichil
1190 1369 1267 1424 aliud

156 1459 262 1515 babere
281 1458 326 1513 vel
344 1457 495 1514 vendicare
512 1459 667 1529 poterimus
686 1457 857 1514 infuturum
879 1476 964 1529 quam
985 1458 1014 1514 in
1036 1457 1134 1514 litteris
1150 1468 1178 1513 et
1200 1475 1266 1513 con-

157 1546 321 1603 firmacione
340 1545 476 1616 predictis
494 1545 661 1602 continetur.

211 1634 246 1688 ln
258 1634 338 1689 cuius
349 1634 390 1689 rei
406 1632 601 1689 testimonium
612 1634 665 1689 has
677 1632 786 1689 litteras
798 1643 911 1689 nostras
924 1633 983 1688 lieri
996 1632 1116 1689 fecimus
1128 1642 1265 1704 patentes.

156 1724 243 1778 Teste
266 1723 377 1794 meipso
400 1722 478 1793 apud
505 1720 793 1777 westmonasterium
817 1720 986 1777 duodecimo
1010 1720 1056 1777 die
1083 1720 1152 1791 Maij
1180 1722 1265 1777 Anno

155 1809 236 1881 regni
254 1810 343 1866 nostri
361 1811 450 1867 tercio
469 1810 605 1867 decimo¹.
644 1811 777 1867 lrestede.

247 1990 298 2054 29.
344 1970 439 2053 Quid
456 1974 625 2039 oduococio
646 1974 766 2039 ecclesie
787 1974 827 2039 do
848 1973 1045 2039 Beomroelle
1067 1974 1176 2038 vakai

474 2079 605 2144 domino
625 2080 713 2163 Regi
725 2091 790 2164 per
809 2101 943 2145 annum.

209 2208 255 2261 W.
279 2208 316 2263 de
341 2209 504 2277 Karletone,
526 2208 630 2265 dilecto
654 2209 747 2265 amico
772 2226 824 2266 suo
848 2209 1007 2265 vicecomiti
1033 2208 1214 2279 Cantebrigie
1236 2218 1265 2263 et
1279 2204 1405 2297 {mihis

159 2296 332 2351 lluntedone
355 2297 484 2352 salutem.
535 2299 579 2352 Ex
603 2308 683 2369 parte
708 2298 817 2354 domini
842 2297 929 2367 Regis
954 2296 1035 2352 vobis
1059 2297 1164 2351 mando
1189 2294 1266 2366 quod
1279 2304 1425 2355 camerinae

156 2382 252 2439 uenire
264 2382 374 2439 faciatis
387 2360 492 2439 coram‘
500 2402 547 2441 me
559 2386 614 2440 hac
627 2384 742 2440 instanti
757 2384 804 2441 die
816 2384 927 2440 veneris
940 2383 970 2438 in
985 2384 1144 2455 septimana
1158 2383 1266 2439 Pascbe
1278 2355 1412 2456 iffi?

155 2471 233 2541 apud
249 2470 461 2541 Cantebrigiam
477 2470 524 2541 xii,
538 2481 597 2527 tarn
614 2471 718 2527 milites
733 2471 830 2542 gladio
847 2470 963 2539 cinctos,
976 2488 1063 2542 quam
1078 2471 1148 2526 alios
1160 2472 1266 2541 probos
1279 2454 1426 2557 gffiffi‘d

155 2565 185 2612 et
202 2556 308 2626 legales
325 2555 455 2612 homines
474 2557 511 2613 de
530 2558 640 2613 visneto
658 2559 695 2615 de
717 2558 898 2627 Bernewelle,
917 2558 955 2613 ad
976 2558 1131 2614 taxandum
1152 2557 1220 2627 quid
1238 2567 1266 2612 et
1279 2555 1430 2647 ffiffilpge

155 2654 294 2715 quantum
317 2645 473 2700 aduocacio
496 2646 616 2701 ecclesie
637 2647 673 2702 de
699 2647 872 2703 Bernewelle
894 2647 988 2702 ualeat
1010 2662 1061 2717 per
1084 2662 1210 2711 annum;
1239 2656 1266 2701 et
1279 2656 1429 2705 novowuom

156 2732 286 2789 babeatis
302 2731 341 2788 ibi
359 2734 447 2790 breue
463 2732 571 2789 domini
590 2734 687 2804 Regis,
699 2750 757 2789 vna
770 2751 837 2790 cum
856 2734 1019 2790 nominibus
1036 2744 1221 2801 extentorum,
1238 2742 1266 2789 et
1279 2706 1329 2798 {¹122
1331 2706 1413 2807 ιιῖζὲ,

156 2821 212 2877 boc
230 2823 326 2878 breue
361 2823 471 2878 Valete.
758 2895 764 2909 .
1279 2806 1410 2898 ὲζῗῖιᾙξ.

1270 2906 1331 2948 .tlon
1341 2917 1406 2947 were

222 2943 281 3008 Ad
311 2944 399 3010 hunc
429 2965 509 3029 ergo
536 2945 625 3009 diem
656 2945 802 3022 ueniens,
828 2946 941 3029 palam
972 2965 1083 3009 coram
1112 2944 1267 3009 omnibus
1280 2958 1408 3049 {3233

157 3048 244 3114 lecta
264 3049 327 3113 fuit
349 3059 443 3114 carta
463 3049 591 3113 domini
612 3048 716 3133 Regis
735 3069 916 3133 perquam
937 3047 1149 3113 confirmauit
1171 3050 1267 3115 nobis
1279 3057 1423 3150 ffigssffigffl

157 3165 283 3219 statum
304 3175 406 3238 quem
429 3154 608 3220 habuimus
632 3158 676 3222 de
700 3156 840 3220 domino
864 3154 1045 3239 G[ilberto]
1070 3155 1198 3219 Pecche
1224 3156 1268 3220 de
1280 3169 1373 3250 235⁸
1375 3208 1399 3249 d·

157 3260 383 3325 aduocaoione
405 3261 544 3326 ecclesie
569 3270 690 3338 nostre,
713 3271 748 3326 et
768 3261 812 3325 de
836 3270 988 3342 tempore
1011 3260 1210 3337 vacacionis,
1233 3269 1268 3324 et

156 3363 294 3429 ulterius
316 3364 416 3430 nichil
438 3366 603 3449 quesiuit;
625 3366 685 3430 sed
708 3366 946 3448 transcriptum
970 3365 1073 3447 ipsius
1094 3374 1185 3429 carte
1205 3365 1267 3428 sibi

157 3468 295 3534 retinuit
318 3470 361 3534 ad
384 3470 475 3534 curie
497 3468 724 3534 deserendum.

221 3668 272 3732 30.
315 3648 368 3715 Dc
398 3649 557 3715 Willelmo
578 3649 728 3714 Bastard
746 3660 778 3715 ct
797 3650 908 3715 ceton's
930 3650 1059 3734 regibus
1079 3650 1209 3733 Anglic.
1281 3667 1298 3718 f.
1317 3670 1345 3717 ιε

223 3783 324 3848 Multi
344 3783 478 3847 suerunt
500 3802 594 3865 reges
615 3782 649 3845 in
666 3781 792 3865 Anglia
812 3789 891 3845 ante
909 3780 1143 3865 expulsionem
1161 3781 1269 3844 Brito·

156 3907 238 3953 num
254 3897 289 3952 et
303 3898 394 3971 post;
409 3906 504 3971 reges
518 3888 655 3970 quidem
671 3896 836 3969 potentes,
848 3885 1005 3964 bellicosi,
1018 3886 1119 3949 armis
1134 3887 1269 3963 strenui,

157 4012 239 4055 auro
253 4003 394 4075 argento
414 4001 448 4056 et
469 3992 638 4076 lapidibus
653 3992 811 4075 preciosis
830 3991 937 4067 ditati,
953 4002 996 4066 et,
1011 3991 1102 4073 quod
1118 3990 1193 4073 plus
1208 4002 1269 4068 est,

158 4095 192 4159 in
216 4094 283 4160 fide
305 4096 472 4161 catholica
494 4097 619 4174 deuoti,
637 4107 715 4160 ante
737 4115 840 4178 quam
857 4094 1046 4159 Willelmus
1071 4094 1210 4159 Bastard
1235 4095 1269 4159 in

158 4201 287 4284 Regem
301 4201 428 4284 Anglie
439 4211 661 4265 coronaretur.
699 4200 767 4266 Sed
778 4200 858 4283 quin
871 4201 903 4264 in
914 4200 1012 4264 huius
1023 4199 1097 4262 libri
1106 4200 1270 4282 principio

157 4303 195 4369 fit
206 4306 250 4370 de
259 4325 300 4369 eo
310 4304 450 4383 mencio,
459 4304 564 4369 vitam
575 4305 647 4369 eius
656 4314 691 4369 et
702 4324 821 4381 mores,
832 4315 867 4369 et
878 4304 1028 4367 omnium
1041 4323 1269 4368 successorum

254 4440 263 4472 ¹
281 4444 330 4493 See
341 4442 431 4501 above,
444 4442 526 4507 Chnp.
540 4458 580 4505 24.
744 4440 755 4471 ²
773 4443 831 4493 Rot.
848 4444 902 4492 Pat.
920 4458 947 4506 ¹3
961 4441 1035 4491 Edw.
1049 4442 1071 4490 l.
1083 4458 1116 4491 nr.
1132 4458 1170 4491 ar.
