3234 5059
376 363 445 432 29²
724 344 887 417 Tenants
912 344 953 417 in
979 344 1143 417 Morden
1361 343 1479 443 [soor

440 532 607 597 Robertus
622 532 747 598 Torold
769 544 863 599 tenet
882 554 984 598 vnum
1003 534 1211 616 mesuagium
1227 534 1324 598 iuxta
1339 533 1478 597 domum

374 645 531 713 nostram,
546 646 580 701 et
596 638 705 703 reddit
721 639 800 703 inde
815 660 874 723 per
889 660 1013 704 annum
1031 659 1093 703 sex
1109 639 1273 703 denarios.
1427 650 1431 657 “

437 741 608 824 Johannes
624 743 719 807 West
734 752 828 808 terret
843 744 1017 808 dimidiam
1034 745 1198 825 virgatam
1211 753 1306 818 terre,
1321 752 1356 805 et
1371 741 1479 805 reddit

372 845 450 909 inde
474 867 533 930 per
554 868 678 912 annum
703 851 852 932 quinque
876 847 1001 912 solidos
1028 857 1062 912 et
1089 857 1232 930 quatuor
1257 847 1420 922 denarios,
1447 856 1480 908 et

372 948 457 1013 duos
479 970 623 1034 capones
646 952 688 1016 ad
721 952 853 1029 Natale‚
876 962 909 1015 et
936 953 1085 1016 inueniet
1108 971 1209 1015 vnam
1233 948 1405 1015 carectam'
1422 968 1480 1033 per

372 1074 474 1119 vnum
497 1055 586 1119 diem
610 1055 643 1118 in
668 1066 855 1140 autumpno
877 1058 963 1120 sicut
986 1066 1020 1121 et
1043 1056 1108 1138 alij.

439 1159 606 1224 Robertus
629 1160 783 1226 Tedbold
807 1170 899 1226 tenet
930 1161 1046 1225 decem
1070 1181 1165 1225 acras
1186 1170 1282 1237 terre,
1304 1170 1339 1224 et
1370 1159 1479 1223 reddit

373 1262 450 1327 inde
473 1284 532 1347 per
557 1285 682 1329 annum
707 1286 744 1329 .v.
771 1263 908 1341 solidos,
931 1274 964 1329 et
994 1264 1080 1328 duos
1107 1284 1252 1347 capones
1277 1265 1319 1328 ad
1349 1264 1478 1335 Natale‚

371 1376 406 1432 et
429 1368 576 1433 inueniet
598 1388 698 1433 vnam
721 1378 886 1434 carectam
911 1369 944 1432 in
968 1378 1156 1452 autumpno
1179 1389 1238 1454 per
1260 1389 1360 1432 vnum
1388 1368 1477 1432 diem

372 1472 458 1537 sicut
480 1481 514 1535 ct
536 1471 601 1555 alij.

438 1576 605 1641 Robertus
628 1575 754 1641 Torold
778 1586 871 1641 tenet
897 1576 1046 1660 quinque
1072 1596 1165 1641 acras
1187 1586 1282 1652 terre,
1305 1584 1338 1639 et
1369 1578 1478 1640 reddit

373 1680 450 1745 inde
481 1700 540 1764 per
565 1701 692 1745 annum
716 1680 837 1765 xxxij.
860 1680 1024 1758 denarios,
1050 1692 1085 1745 et
1111 1701 1214 1745 vnum
1245 1702 1407 1765 caponem
1434 1683 1476 1745 ad

373 1784 503 1862 Natale‚
540 1793 575 1850 et
613 1785 759 1850 inueniet
797 1806 896 1850 unam
934 1796 1099 1852 carectam
1137 1786 1171 1849 in
1201 1795 1388 1870 autumpno
1420 1807 1480 1870 per

371 1890 547 1954 dimidium
570 1888 660 1953 diem
683 1890 769 1953 sicut
791 1898 827 1954 et
848 1888 915 1973 alij.

440 2094 486 2157 14
534 2077 593 2141 lsti
614 2086 692 2141 sunt
713 2075 996 2158 consuetudinarij
1018 2075 1051 2140 in
1076 2076 1194 2140 eadem
1217 2075 1295 2142 villa
1314 2075 1357 2140 de
1378 2076 1478 2140 feodo

370 2197 460 2263 Petri
476 2197 519 2263 de
535 2198 653 2263 Beche.

436 2336 590 2418 Andreas
614 2352 766 2435 Edwyne
796 2361 830 2416 et
861 2351 1048 2416 Willelmus
1080 2350 1231 2434 Edwyne
1261 2361 1378 2416 tenent
1405 2375 1477 2418 ‚xx.

369 2478 463 2523 acras
477 2468 565 2523 terre
579 2468 613 2523 et
637 2457 780 2522 reddunt
801 2457 880 2521 inde
901 2477 1106 2540 perannum
1128 2477 1171 2521 .x.
1192 2455 1327 2535 solidos,
1342 2466 1376 2522 et
1391 2460 1476 2523 duas

277 2568 294 2619 s.
310 2568 354 2634 165
369 2562 511 2645 gallinas
548 2564 590 2626 ad
632 2561 761 2638 Natale‚
799 2570 834 2625 et
871 2560 1043 2624 inuenient
1080 2580 1183 2623 vnum
1223 2559 1394 2625 hominem
1432 2564 1476 2624 ad

369 2669 563 2732 metendum
580 2666 613 2729 in
637 2676 824 2750 autumpno
844 2664 887 2729 ad
908 2665 1019 2728 cibum
1040 2664 1168 2727 domini
1184 2684 1360 2747 perunum
1377 2664 1477 2741 diem,

368 2780 402 2836 et
416 2790 519 2836 vnum
536 2770 704 2834 hominem
721 2790 781 2853 per
796 2769 898 2833 alium
914 2769 1004 2833 diem
1020 2767 1092 2831 sine
1104 2768 1188 2842 cibo,
1204 2768 1256 2831 vel
1272 2768 1399 2832 dabunt
1415 2791 1476 2853 pro

368 2876 499 2942 duobus
526 2875 717 2940 hominibus
747 2874 799 2955 iij.
832 2873 986 2937 denarios
1010 2882 1044 2937 et
1068 2874 1214 2937 reddunt
1245 2894 1312 2937 .xx.
1340 2894 1404 2937 oua
1431 2877 1473 2938 ad

370 2981 505 3047 Pascha

434 3084 601 3149 Robcrtus
631 3084 662 3147 le
694 3081 882 3164 Plouwryte
906 3090 998 3146 tenet
1022 3081 1170 3165 quinque
1201 3102 1294 3145 acras
1319 3092 1415 3159 terre,
1440 3096 1475 3147 et

367 3191 476 3256 reddit
492 3189 570 3253 inde
582 3208 776 3274 perannum
793 3187 834 3270 ij.
850 3187 974 3252 solidos
991 3196 1024 3251 et
1037 3186 1087 3269 .vj.
1101 3186 1264 3264 denarios,
1276 3197 1310 3251 et
1325 3188 1473 3270 quolibet

366 3293 514 3358 secundo
536 3311 626 3355 anno
648 3311 749 3355 vnam
770 3289 930 3372 gallinam
951 3288 994 3353 ad
1012 3287 1145 3366 Natale‚
1166 3298 1200 3353 et
1220 3290 1370 3372 quolibet
1385 3312 1474 3355 anno

366 3401 513 3483 quinque
529 3416 594 3460 oua
609 3396 650 3459 ad
666 3394 801 3469 Pascha,
815 3403 849 3457 et
863 3414 966 3457 vnum
982 3393 1153 3456 hominem
1169 3393 1211 3456 ad
1230 3394 1422 3457 metendum
1440 3396 1473 3457 in

366 3494 553 3585 autumpno
576 3521 636 3584 per
657 3519 759 3563 vnum
790 3498 880 3563 diem
912 3499 954 3561 ad
979 3498 1091 3561 cibum
1123 3497 1250 3561 domini
1281 3497 1347 3581 [vel
1378 3499 1474 3563 dabit

368 3608 428 3690 .j.d.
445 3605 536 3689 ob.]1.
1395 3616 1398 3620 ’

433 3710 596 3774 Katerina
614 3706 733 3769 Blauat
753 3716 846 3769 tenet
864 3705 980 3769 decem
997 3727 1091 3770 acras
1107 3716 1201 3783 terre,
1216 3716 1251 3770 et
1267 3708 1377 3771 reddit
1393 3710 1473 3773 inde

364 3834 566 3900 perannum
582 3813 729 3895 quinque
746 3809 871 3872 solidos
886 3819 920 3872 et
935 3828 1036 3872 vnam
1052 3809 1212 3892 gallinam
1230 3810 1272 3873 ad
1290 3810 1422 3887 Natale‚
1438 3826 1473 3876 et

365 3923 480 3985 decem
504 3938 569 3981 oua
592 3917 634 3979 ad
661 3914 796 3989 Pascha,
812 3924 846 3977 ct
868 3914 954 3976 duos
977 3914 1129 3977 homines
1152 3916 1194 3978 ad
1220 3915 1413 3980 metendum
1437 3920 1471 3982 in

364 4036 550 4109 autumpno
573 4040 756 4105 perunum
780 4018 869 4082 diem
893 4017 960 4101 [vel
984 4018 1078 4083 dabit
1103 4016 1224 4101 ,iij.d.]¹.

734 4182 743 4214 ¹
760 4183 853 4239 Added
864 4184 890 4231 in
901 4198 917 4233 a
928 4183 991 4233 later
1003 4182 1079 4235 hand.
