3234 5059
155 339 219 439 111]
382 343 459 417 Tha
486 344 588 442 Eyra
613 353 655 416 at
682 342 913 441 Cambmilge,
946 364 1037 436 1272
1192 366 1260 434 129

154 531 267 614 gracia
290 529 574 610 confirmacionis;
605 540 639 595 et
663 531 809 614 optinuit
833 531 991 614 episcopo
1015 530 1158 594 multum
1183 551 1261 594 con-

154 637 331 719 gaudente.
379 637 454 700 llec
475 644 587 700 autem
610 635 733 700 eleccio
756 636 845 700 sacta
867 635 931 700 suit
953 635 1007 699 die
1029 634 1262 699 translacionis

154 741 262 804 sancti
284 739 465 822 Augustini
487 740 568 803 feria
588 741 713 818 tercia;
736 748 769 803 et
791 740 825 802 in
847 749 970 803 octauo
987 741 1051 814 die,
1067 739 1192 803 scilicet
1207 740 1262 803 die

155 845 261 908 sancti
287 843 401 917 Luce¹,
427 844 526 926 redijt
549 844 641 907 domi
666 854 700 907 et
726 844 914 909 installatus
936 853 988 909 est
1009 855 1080 908 tam
1105 844 1138 906 in
1160 843 1262 908 choro

155 947 256 1032 quam
281 950 313 1012 in
337 949 493 1032 capitulo.

158 1182 206 1247 39.
251 1167 303 1231 De
328 1167 443 1231 z'tinere
460 1167 734 1252 Justiciarrirrum
760 1167 853 1250 apud
877 1166 1125 1251 cantabrigiam
1146 1167 1264 1232 scz'lt'cet

316 1271 474 1354 magatro
495 1271 622 1354 Rogero
643 1272 683 1334 a'e
705 1271 841 1354 Seytone
861 1282 893 1336 et
912 1272 1005 1355 socijs
1025 1272 1102 1337 eius.

222 1423 326 1488 Anno
360 1426 452 1509 regni
489 1428 592 1510 Regis
627 1427 763 1490 Henrici
802 1426 861 1509 lvj⁰
895 1427 1053 1492 sederunt
1087 1425 1260 1509 justiciarij
1275 1426 1408 1528 {meld

157 1529 349 1594 itinerantes
365 1532 455 1615 apud
472 1531 742 1614 Cantebrigiam:
764 1532 919 1595 videlicet
935 1533 1093 1614 magister
1109 1531 1262 1613 Rogerus
1274 1528 1384 1629 ζξιξὲξζ·

156 1632 200 1697 de
216 1633 388 1716 Seytone²,
403 1634 518 1698 Adam
537 1634 580 1698 de
601 1632 803 1712 Greneuile⁸,
820 1635 991 1719 Johannes
1006 1636 1049 1700 de
1066 1633 1262 1712 Cobeham‘,
1274 1638 1331 1681 ¹²⁷²·

159 1738 324 1804 Henricus
340 1740 383 1804 de
398 1739 656 1824 Wlhamptone⁸
671 1742 803 1817 milites,
815 1751 848 1806 et
866 1742 958 1805 Prior
973 1740 1016 1804 de
1032 1738 1241 1824 Spaldinge⁸.

195 1977 247 2040 40.
292 1961 345 2024 De
359 1961 482 2043 parcito
503 1972 615 2025 contra
637 1961 790 2024 Priorem
811 1961 851 2024 de
874 1959 1084 2027 Chz'kesaund
1094 1970 1229 2043 propter

393 2077 509 2131 sectam
535 2066 633 2133 curie
656 2065 792 2134 Comiter
817 2065 1017 2130 Gloucestrie.

225 2214 263 2278 ln
287 2215 351 2278 hoc
374 2216 490 2279 itinere
514 2217 629 2279 uolens
653 2215 769 2279 nolens
793 2216 930 2279 intrauit
955 2215 1046 2278 Prior
1072 2215 1115 2278 de
1142 2214 1262 2279 Chike-
1275 2226 1409 2320 {fhcehffiff‘

157 2318 265 2381 saund
288 2317 332 2382 ad
355 2319 615 2402 acquietandum
640 2320 786 2383 Priorem
811 2319 854 2383 de
877 2319 1079 2383 Bernewelle
1101 2319 1144 2382 de
1172 2330 1263 2383 secta
1276 2329 1348 2370 und·

158 2423 246 2487 curie
270 2423 361 2507 apud
384 2423 525 2488 Crucem
549 2425 659 2504 Roys⁷
681 2445 783 2506 quam
806 2423 1005 2508 G[ilbertus]
1026 2443 1139 2487 comes
1160 2423 1260 2487 Glou-

157 2526 290 2590 cestrie⁸
315 2528 475 2610 exigebat
500 2549 560 2611 pro
583 2537 671 2592 terra
697 2529 740 2593 de
764 2529 933 2610 Pynecote
945 2551 953 2607 ;
983 2539 1017 2592 et
1041 2528 1188 2592 leuatum
1211 2538 1263 2592 est

158 2630 235 2695 inde
266 2631 512 2714 cyrographum
544 2632 577 2694 in
609 2632 726 2696 itinere
756 2634 838 2714 ipso.
896 2633 941 2696 Et
980 2632 1069 2695 idem
1098 2632 1190 2695 Prior
1220 2633 1263 2696 de

158 2734 360 2798 Bemewelle
374 2735 468 2799 dedit
485 2735 587 2798 Priori
609 2734 651 2798 de
673 2735 888 2800 Chikesaund
901 2786 908 2800 .
921 2750 946 2798 v
957 2785 964 2800 .
976 2755 1104 2799 marcas
1120 2757 1181 2819 pro
1198 2734 1263 2799 fine

157 2848 191 2903 et
207 2835 408 2903 concordia’.

206 2983 215 3015 ¹
232 2984 314 3034 There
331 2985 352 3034 is
369 2999 439 3034 some
455 2983 562 3034 mistake
579 2983 645 3044 here,
660 2984 703 3034 the
721 2984 881 3033 Translrtion
897 2983 927 3033 os
940 2983 966 3034 S.
980 2983 1122 3048 Augustine
1138 2983 1214 3048 being
1230 2999 1264 3033 on

157 3065 226 3132 Sept.
238 3066 254 3117 6
265 3067 316 3115 and
328 3065 370 3115 the
383 3066 458 3115 Feast
469 3065 498 3115 os
508 3065 534 3116 S.
550 3065 622 3115 Lulre
633 3081 667 3114 on
680 3064 737 3114 Oct.
753 3067 790 3115 18.
826 3065 849 3113 It
861 3065 907 3113 has
921 3065 985 3114 been
1000 3065 1134 3129 suggested
1149 3066 1203 3114 that
1218 3081 1264 3115 our

157 3149 295 3199 chronicler
310 3148 389 3212 ought
400 3158 427 3197 to
438 3147 502 3197 have
516 3147 613 3198 written
624 3147 661 3196 lor
673 3147 700 3198 S.
714 3147 806 3198 Luke’s
818 3149 867 3212 day
878 3148 921 3196 the
933 3148 954 3196 F
954 3155 1006 3197 east
1018 3148 1047 3197 oi
1060 3149 1104 3197 the
1120 3148 1263 3198 Exaltation

157 3231 186 3282 ol
199 3232 242 3281 the
257 3231 341 3290 Cross‚
360 3231 431 3295 Sept.
451 3245 489 3294 ¹4·
522 3230 579 3279 The
596 3231 678 3280 words
696 3232 724 3278 in
741 3237 823 3279 octavo
838 3231 878 3279 dr'e
893 3232 978 3279 would
994 3232 1054 3280 then
1071 3247 1152 3291 mean,
1171 3247 1204 3280 on
1222 3231 1265 3280 the

157 3313 243 3378 eighth
255 3314 305 3378 day
316 3313 379 3362 alter
391 3311 435 3362 the
446 3312 614 3362 Translation.
652 3312 700 3362 We
715 3313 794 3377 ought
809 3313 916 3378 perhaps
932 3322 959 3363 to
973 3315 1033 3363 read
1046 3314 1097 3363 “in
1108 3315 1208 3380 [vaiij0.
1223 3314 1269 3364 die'

157 3396 298 3458 [Octobris]
309 3395 404 3446 scilicet
416 3395 457 3444 die
468 3395 547 3445 sancti
560 3394 653 3445 Luce-'¹

207 3479 218 3511 ¹
234 3478 312 3530 chier
317 3479 407 3543 justice
418 3479 447 3528 oi
455 3479 498 3528 the
510 3480 634 3529 Common
647 3479 727 3538 Pleas
739 3480 766 3529 d.
781 3482 851 3543 1278.

206 3561 218 3594 ⁸
233 3563 258 3612 A
268 3561 357 3625 justice
367 3561 397 3610 oi
404 3561 448 3611 the
459 3561 584 3612 Common
597 3561 677 3612 Pleas.

206 3643 217 3675 ⁴
231 3643 299 3710 John
310 3643 343 3694 de
354 3643 470 3694 Cobham
483 3659 535 3693 was
546 3645 675 3694 advanced
687 3651 714 3694 to
726 3645 768 3694 the
779 3644 861 3694 bench
873 3651 899 3694 at
910 3645 1083 3696 Westminster
1093 3646 1120 3695 in
1129 3647 1265 3711 February,

162 3738 232 3789 1270.

207 3807 218 3839 ⁸
235 3809 247 3858 1
260 3816 359 3873 suspect
371 3808 421 3858 this
432 3824 505 3858 name
517 3817 544 3858 to
556 3810 588 3858 be
599 3808 718 3858 intended
734 3808 772 3857 ior
788 3809 877 3872 Henry
889 3808 918 3857 of
930 3808 1110 3869 Wollrreston
1128 3826 1156 3860 or
1171 3810 1265 3860 Wolla-

158 3891 253 3950 vinton‚
268 3890 381 3954 ajustice
393 3891 509 3940 itinerant
521 3891 547 3940 in
563 3889 623 3941 1268
635 3891 685 3940 and
700 3905 770 3954 1272.

207 3971 218 4004 ⁰
232 3973 300 4040 John
311 3973 354 4023 the
366 3973 498 4030 Almoner‚
513 3973 582 4023 Prior
594 3973 622 4023 ol
632 3973 754 4039 Spalding
766 3974 792 4022 in
804 3973 978 4024 Lincolnshire
992 3986 1159 4039 1253-1274.
1195 3976 1265 4025 Mon.

159 4057 238 4121 Aegl.
251 4056 277 4106 ii.
291 4071 346 4122 ²09·
382 4057 425 4105 He
436 4071 487 4104 was
498 4056 636 4120 appointed
648 4071 664 4104 a
672 4055 761 4119 justice
772 4056 889 4106 itinerant
901 4057 927 4104 in
942 4068 1012 4118 1272.

208 4147 218 4181 ⁷
236 4140 261 4188 A
278 4138 337 4203 lady
354 4138 434 4188 called
453 4139 535 4188 Roese
552 4155 581 4188 or
598 4139 692 4204 Roysia
708 4147 746 4190 set
762 4155 796 4204 up
813 4156 828 4188 a
845 4140 955 4204 wayside
971 4156 1039 4190 cross
1055 4157 1115 4191 near
1131 4141 1213 4191 which
1224 4141 1267 4190 the

159 4229 228 4272 town
239 4221 319 4270 called
334 4221 459 4284 Roys·ton
471 4218 615 4270 afterwards
626 4237 701 4286 greve.
739 4220 826 4278 Skeat‚
838 4222 912 4273 Plau
922 4221 1017 4271 Names
1025 4223 1057 4287 of
1064 4223 1160 4272 Combs.
1175 4238 1211 4287 13.

208 4304 219 4338 Β
236 4303 335 4354 Gilbert
345 4302 378 4352 de
390 4301 474 4360 Clare¹
485 4301 546 4352 Earl
557 4301 586 4352 oi
595 4302 749 4353 Gloucester.

207 4383 219 4417 ⁰
236 4387 298 4436 Feet
309 4387 337 4436 ol
347 4387 432 4446 Fines,
446 4385 511 4437 Case
524 4398 563 4448 25,
579 4386 634 4436 File
647 4398 686 4452 35,
702 4386 753 4436 No.
765 4399 807 4450 45.

241 4509 268 4554 C.
