3234 5059
339 371 406 440 188
653 371 693 443 A
723 373 814 444 aurit
838 371 886 468 os
903 369 1115 469 conspiracy
1318 369 1438 470 [Boos

332 569 443 624 aquam,
468 553 628 624 Johannem
653 566 784 625 sutorem,
807 557 984 628 Stephanum
1008 556 1149 623 clericum,
1171 556 1314 612 Thomam
1340 557 1439 625 Lucas,

333 641 491 696 Galiridum
512 643 550 697 ad
571 643 663 714 capud
685 644 758 712 uille,
779 646 923 716 Nigellum
946 647 982 700 de
1004 647 1151 712 Stantone¹
1170 645 1313 700 Thomam
1334 644 1439 712 Brond,

334 729 486 784 Ricardum
518 729 554 785 de
587 731 708 786 Parham
737 731 774 786 de
806 733 996 802 Cantebrigia,
1027 731 1179 788 Radulsom
1210 733 1376 804 Scippawey
1402 733 1439 788 de

333 817 476 886 Clayethe,
490 826 518 872 et
535 818 694 888 Johannem
712 819 748 874 de
766 821 892 888 Dittone,
905 821 981 892 quod
999 821 1055 876 sint
1073 837 1168 876 coram
1186 821 1269 875 nobis
1282 821 1312 875 in
1329 819 1438 876 octabis

333 902 430 957 Sancti
457 902 597 972 Johannis
626 905 752 975 Baptista
777 905 936 977 ubicunque
964 906 1099 961 fuerimus
1126 916 1193 962 tunc
1217 907 1247 961 in
1272 908 1377 976 Anglia
1401 907 1438 961 ad

332 991 561 1062 respondendum
584 994 710 1063 predicto
728 994 852 1063 Johanni
871 995 974 1065 Lewyn
992 995 1029 1050 de
1047 995 1152 1066 placito
1170 995 1392 1066 conspiracionis
1409 1004 1438 1049 et

332 1079 564 1148 transgressionis
581 1082 737 1136 secundum
752 1082 962 1139 ordinacionem
977 1093 1103 1139 nostram
1116 1101 1206 1155 nuper
1217 1083 1283 1138 inde
1295 1083 1438 1154 prouisam

332 1164 405 1220 sicut
420 1165 562 1236 predictus
578 1168 724 1238 Johannes
739 1169 840 1239 lewyn
854 1169 1063 1225 racionabiliter
1075 1181 1234 1225 monstrare
1246 1169 1349 1240 poterit
1361 1168 1437 1239 quod

331 1253 356 1309 ei
374 1254 440 1309 inde
457 1255 627 1326 respondere
644 1257 774 1313 debeant.
813 1259 851 1312 Et
868 1258 976 1314 habeas
991 1258 1031 1314 ibi
1044 1259 1160 1314 nomina
1172 1257 1329 1328 plegiorum
1343 1267 1371 1311 et
1384 1258 1437 1311 hoc

331 1341 424 1396 breue.
473 1343 559 1400 Teste
588 1341 740 1417 G[ilberto]
768 1346 804 1401 de
833 1347 1024 1404 Thorintooe¹
1052 1348 1128 1418 apud
1152 1344 1437 1401 westmonasterium

330 1439 431 1498 quarto
448 1431 496 1486 die
512 1432 588 1503 Junij
608 1449 684 1488 anno
703 1433 781 1504 regni
800 1435 889 1490 nostri
908 1435 983 1506 xxij⁰.

506 1687 573 1754 125.
618 1672 793 1756 Inquist'cio
806 1674 905 1755 facta
928 1673 967 1736 de
987 1672 1265 1756 conspiratoribus.

382 1828 472 1898 Jurati
497 1828 613 1884 ueniunt
635 1844 653 1882 a
673 1829 718 1882 die
740 1827 838 1884 Sancti
862 1826 1013 1881 Michaelis
1034 1825 1063 1880 in
1085 1834 1143 1881 tres
1165 1825 1339 1896 septimanas
1360 1842 1436 1881 anno

166 1887 313 1980 {irascentes
330 1915 407 1985 regni
425 1916 500 1986 regis
518 1916 651 1972 Edwardi
668 1915 716 1971 filii
736 1916 822 1985 Regis
842 1914 959 1970 Henrici
977 1915 1073 1985 .xxiij.
1090 1924 1119 1969 et
1136 1914 1233 1970 dicunt
1248 1931 1334 1985 super
1344 1931 1436 1969 sacra·

167 1987 250 2080 {fffie
330 2012 456 2058 mentum
474 2021 557 2058 suum
573 2005 649 2076 quod
667 2005 773 2074 Symon
790 2003 826 2058 de
846 2003 977 2058 Hasselle
996 2001 1075 2057 Prior
1090 2003 1127 2058 de
1141 2002 1311 2057 Beroewelle
1324 2019 1380 2056 non
1393 2013 1436 2056 est

167 2067 281 2190 ggffl'r·
330 2090 486 2160 culpabilis,
513 2108 565 2147 nec
590 2092 761 2147 Benedictus
785 2091 821 2146 de
843 2091 984 2158 Weltone,
1006 2105 1059 2144 nec
1083 2090 1169 2144 ceteri
1192 2090 1223 2144 in
1247 2089 1327 2145 breui
1350 2089 1436 2159 Regis

218 2168 224 2179 '
330 2177 476 2244 nominati,
507 2180 631 2250 exceptis
661 2188 770 2234 tantum
801 2178 913 2234 duobus
943 2178 1076 2233 videlicet
1106 2178 1250 2233 Willelmo
1280 2177 1381 2248 Wlwy,
1406 2187 1436 2232 et

332 2265 457 2320 Roberto
474 2282 607 2334 messore,
628 2265 675 2338 qui
694 2267 767 2321 inter
785 2283 817 2322 se
835 2265 1009 2321 confederati
1026 2264 1172 2320 maliciose
1190 2275 1243 2321 etc.
1283 2265 1352 2320 ldeo
1369 2281 1435 2319 coo·

330 2351 484 2408 sideratum
501 2364 544 2408 est
560 2354 637 2424 quod
653 2353 796 2424 predictus
812 2353 920 2422 Symon
935 2353 1015 2408 Prior
1026 2363 1055 2408 et
1068 2354 1240 2409 Benedictus
1253 2363 1304 2408 etc.
1318 2361 1346 2408 et
1359 2352 1436 2424 quod

330 2439 447 2509 predicti
462 2441 620 2496 Willelmus
633 2441 725 2510 Wlwy
737 2450 765 2496 et
780 2441 922 2497 Robertus
935 2457 1046 2496 messor
1057 2451 1109 2496 etc

441 2685 508 2748 126.
553 2681 658 2747 Breue
679 2684 782 2767 Regis
796 2695 861 2766 pro
882 2684 1067 2748 hominibus
1088 2684 1127 2749 de
1150 2683 1332 2750 Cestertone.

166 2842 274 2884 'rusum
294 2844 314 2884 ἰ
383 2838 443 2890 Rex
455 2836 613 2892 vicecomiti
627 2836 808 2906 Cantebrigie
821 2837 948 2891 salutem.
987 2835 1313 2905 Querelamtenencium
1331 2835 1434 2892 Prioris

166 2893 309 2985 ἶῖιῗῖήῗῗοῐο
328 2925 364 2980 de
377 2926 549 2981 Bemewelle
560 2924 597 2979 de
611 2926 738 2980 manerio
751 2925 786 2980 de
801 2927 966 2980 Cestertone
979 2925 1056 2995 quod
1068 2934 1111 2980 est
1120 2925 1156 2979 de
1165 2925 1283 2996 antiquo
1292 2924 1434 2979 dominico

166 2993 262 3094 ξῆῗὲο
328 3029 431 3067 corone
455 3023 551 3068 nostre
573 3013 745 3083 accepimus,
768 3014 845 3084 quod
869 3030 935 3068 cum
959 3013 1014 3083 ipsi
1035 3013 1191 3081 geldabiles
1212 3030 1269 3067 non
1291 3013 1348 3067 sint
1369 3030 1433 3068 cum

165 3093 288 3194 ffiffi·
328 3102 530 3157 communitate
552 3110 723 3157 sectatorum
743 3102 892 3158 Hondredi
913 3103 950 3158 de
969 3103 1135 3157 Cestertooe
1153 3118 1206 3157 nec
1223 3117 1289 3156 cum
1307 3103 1350 3157 eis
1367 3119 1434 3157 con·

166 3193 282 3235 himthat
328 3187 450 3244 tribuere
474 3189 598 3244 debeant
622 3205 674 3244 nec
695 3189 893 3244 consueuerint
915 3188 952 3243 ad
973 3188 1135 3244 communia
1156 3189 1376 3244 amerciamenta
1396 3189 1434 3243 ad

165 3243 313 3337 ἱὴιῗεῐιῗξῗτῖἑ
328 3293 384 3346 que
404 3277 594 3332 communitas
615 3276 663 3330 illa
684 3277 839 3333 amerciata
860 3277 950 3346 luerit,
969 3287 998 3332 tu
1021 3277 1144 3347 prefatos
1165 3287 1293 3332 tenentes
1311 3276 1435 3346 grauiter

165 3344 300 3446 ssssfssss‘fy‘n
328 3361 474 3431 distringis
495 3365 533 3418 ad
554 3365 790 3420 contribuendum
812 3363 926 3420 cuidam
950 3363 1171 3419 amerciamento
1195 3365 1233 3418 ad
1257 3364 1335 3435 quod
1358 3363 1434 3419 dicta

164 3445 246 3486 *¹¹⁸⁶-
329 3449 518 3504 communitas
540 3450 569 3505 in
590 3452 689 3506 ultimo
711 3451 811 3508 itinere
828 3451 1048 3521 justiciariorum
1070 3460 1228 3506 nostrorum
1248 3451 1276 3506 in
1298 3453 1434 3507 comitatu

329 3548 378 3594 tuo
394 3537 485 3594 luerat
501 3539 655 3595 amerciata
671 3551 699 3594 et
711 3556 761 3594 eos
773 3539 967 3610 multipliciter
978 3540 1118 3609 inquietas
1131 3555 1166 3593 ea
1177 3539 1327 3594 occasione
1340 3539 1433 3593 minus

329 3625 402 3681 iuste
427 3627 455 3680 in
480 3627 607 3698 ipsorum
631 3627 787 3697 dampnum
813 3645 872 3682 non
895 3629 1039 3683 modicum
1063 3638 1092 3682 et
1115 3643 1269 3697 grauameo
1294 3637 1324 3682 et
1344 3628 1433 3682 nostri
1491 3633 1493 3637 ’

328 3713 513 3784 preiudicium
531 3715 720 3782 manifestum,
733 3717 882 3786 presertim
898 3732 963 3770 cum
980 3715 1034 3786 ipsi
1051 3716 1124 3770 sicut
1141 3733 1194 3770 nec
1210 3714 1294 3770 ceteri
1308 3716 1434 3786 quisunt

329 3802 365 3856 de
381 3802 497 3872 antiquo
514 3801 658 3857 dominico
674 3819 778 3857 corone
795 3812 890 3858 nostre
907 3803 943 3857 ad
960 3803 1124 3857 huiusmodi
1136 3801 1364 3857 contribuciones
1376 3819 1433 3856 nou

328 3898 485 3958 teneantur,
505 3890 556 3945 sed
575 3890 677 3944 talliari
698 3890 822 3945 debeant
841 3907 907 3944 cum
925 3891 1031 3959 burgos
1050 3901 1162 3945 nostros
1182 3889 1211 3944 in
1230 3906 1317 3960 regno
1337 3900 1433 3944 nostro

328 3979 475 4034 fecerimus
498 3978 608 4033 talliari.
647 3979 683 4032 Et
706 3979 773 4048 quia
794 3979 932 4033 sustinere
950 3979 1083 4032 nolumus
1101 3977 1177 4049 quod
1195 3978 1240 4031 ius
1258 3988 1386 4032 nostrum
1404 3977 1433 4032 in
1536 3987 1542 3998 '

328 4067 384 4121 hac
404 4075 484 4138 parte
506 4065 681 4137 perimetur¹,
701 4067 752 4121 tibi
775 4066 945 4137 precipimus
969 4067 1042 4121 sicut
1064 4067 1134 4122 alias
1153 4067 1337 4137 precepimus,
1356 4066 1433 4137 quod

377 4245 385 4276 ¹
403 4245 502 4296 Gilbert
518 4245 551 4296 de
567 4245 708 4304 Thomton,
726 4246 803 4296 orde
820 4245 958 4306 Torentou,
977 4261 1028 4296 was
1044 4245 1118 4296 made
1135 4245 1213 4296 chief
1230 4245 1324 4309 Justice
1343 4245 1372 4295 of
1390 4247 1433 4296 the

329 4329 418 4393 King’s
435 4329 521 4378 Bench
537 4329 563 4376 in
583 4329 651 4393 1289.

376 4410 387 4442 ²
402 4412 567 4476 permittetur,
582 4411 639 4461 MS.
