3234 5059
188 369 249 470 111]
525 372 564 447 A
595 372 685 458 aurit
710 373 985 473 ofcompiracy
1225 375 1291 463 187

186 555 347 627 dicitquod
365 558 478 614 racione
497 557 571 614 illius
589 558 684 628 scripti
703 559 862 630 predictum
881 575 1007 615 annuum
1024 558 1166 615 redditum
1182 559 1294 629 exigere
1306 563 1457 664 fflffiffi

187 661 244 700 non
256 655 350 716 potest
367 657 418 701 etc.
437 649 504 718 quia
520 647 589 704 dicit
606 648 682 718 quod
699 649 844 719 predictus
860 648 996 719 magister
1011 648 1120 703 Alanus
1137 646 1293 703 secundum
1307 664 1431 708 nasetur

185 733 305 789 sormam
327 735 445 807 predicti
467 736 562 808 scripti
585 754 643 792 non
662 737 738 793 stetit
756 753 822 792 cum
839 737 968 809 predicto
988 736 1084 793 Priore
1101 737 1130 791 in
1151 737 1246 792 causis
1265 746 1294 792 et
1306 714 1452 817 20²⁰&oe

187 821 312 894 negocijs
324 823 442 879 ecclesie
455 841 513 892 sue,
527 825 590 880 licet
603 825 698 895 sepius
710 835 784 880 esset
797 825 865 881 inde
876 824 1027 896 requisitus
1036 834 1088 880 etc.
1127 821 1205 880 Dicit
1217 824 1293 880 enim
1306 814 1456 908 ffiffigl‘n

187 913 263 981 quod
285 929 350 967 cum
374 914 522 968 contencio
546 923 624 968 mota
648 923 723 970 esset
745 913 817 970 inter
838 915 931 985 ipsum
954 913 1080 968 Priorem
1101 923 1129 969 et
1150 912 1293 984 quendam

188 1001 324 1056 vicarium
354 1003 390 1058 de
422 1003 562 1059 Mordone
593 1021 677 1076 super
700 1003 805 1060 vicaria
829 1003 948 1059 ecclesie
972 1004 1008 1058 de
1034 1002 1174 1057 Mordone
1197 1018 1293 1056 coram

190 1093 308 1146 Decano
319 1093 356 1147 de
368 1094 498 1148 Arcubus
516 1093 662 1148 Londonie
678 1104 730 1150 etc.
749 1091 801 1164 [et]
818 1093 894 1149 idem
910 1092 1020 1147 Manus
1037 1109 1072 1146 ex
1084 1101 1164 1162 parte
1175 1089 1293 1162 predicti

189 1179 292 1236 Peioris
323 1181 416 1252 sepius
446 1181 596 1253 requisitus
620 1191 696 1238 esset
725 1182 801 1252 quod
830 1181 923 1238 eidem
956 1181 1044 1236 Priori
1075 1180 1105 1235 in
1134 1195 1223 1236 causa
1245 1179 1294 1234 illa

187 1268 335 1324 consilium
348 1279 376 1324 et
388 1269 522 1324 auxilium
539 1269 708 1340 prestitisset
724 1270 801 1326 idem
818 1270 927 1325 Manus
940 1269 1033 1325 eidem
1046 1267 1134 1323 Priori
1148 1268 1293 1323 consulere

187 1356 215 1411 in
228 1357 283 1413 hac
295 1365 374 1428 parte
386 1374 438 1412 nec
451 1374 567 1412 causam
579 1359 656 1412 illam
669 1357 820 1413 defendere
831 1357 949 1424 curauit,
961 1357 1049 1411 immo
1061 1365 1161 1411 contre
1170 1353 1292 1410 formam

187 1444 305 1514 predicti
318 1444 413 1516 scripti
428 1445 455 1500 in
468 1462 555 1500 causa
571 1446 619 1500 illa
634 1455 664 1501 et
681 1446 710 1500 in
727 1445 790 1514 alijs
807 1444 936 1516 plurimis
947 1444 1074 1514 negoeijs
1086 1443 1176 1514 ipsius
1189 1443 1292 1498 Prioris

187 1533 305 1602 agendis
329 1534 439 1588 tamin
461 1533 596 1588 comitatu
622 1532 677 1588 isto
700 1549 786 1604 quam
812 1531 880 1588 alibi
904 1531 1000 1602 sepius
1024 1531 1175 1603 requisitus
1199 1532 1293 1601 ipsum

188 1622 313 1678 Priorem
332 1624 428 1678 iuuare
446 1623 594 1678 recusauit.
633 1625 671 1678 Et
689 1623 743 1679 hoc
761 1632 877 1693 paratus
896 1631 939 1678 est
956 1621 1100 1676 verificare
1119 1631 1172 1676 etc.
1209 1619 1293 1675 Vnde

186 1711 255 1781 petit
270 1711 408 1782 judicium
426 1719 477 1767 etc.

524 1861 590 1924 123.
637 1844 804 1928 Magister
824 1842 964 1908 Alanus.

240 1985 277 2038 Et
289 1983 425 2054 magister
434 1986 541 2040 Alanus
551 1985 619 2041 dicit
628 1985 706 2058 quod
716 1985 777 2058 ipse
786 2002 932 2057 nunquam
940 2003 958 2040 a
970 1995 1097 2056 tempore
1109 1983 1294 2040 consectionis
1307 1982 1372 2075 ⁵1¹3
1379 1993 1436 2074 {git

187 2072 305 2142 predicti
319 2072 415 2142 scripti
429 2074 536 2129 scilicet
549 2073 606 2128 iam
619 2080 720 2128 .xxx⁸.
735 2075 818 2128 annis
831 2073 935 2143 elapsis
948 2072 1051 2128 defecit
1063 2073 1156 2128 eidem
1168 2073 1255 2127 Priori
1264 2083 1292 2128 et
1317 2092 1456 2134 ormena

187 2160 339 2215 conuentui
360 2170 412 2215 etc.
438 2161 506 2231 quin
529 2161 636 2216 eisdem
663 2162 690 2214 in
716 2162 848 2216 omnibus
872 2161 965 2216 causis
989 2171 1018 2216 et
1039 2161 1158 2230 agendis
1179 2159 1238 2215 suis
1257 2133 1394 2226 dciii?

187 2249 289 2317 quibus
302 2249 387 2304 iidem
401 2249 480 2302 Prior
491 2259 519 2303 et
533 2251 696 2304 Conuentus
706 2249 798 2320 ipsum
808 2248 968 2320 premunire
978 2249 1133 2304 uoluissent
1143 2248 1292 2304 assistebat
1308 2233 1384 2326 ἓξὲξ
1391 2233 1434 2275 ‘¹¹‘

187 2336 360 2390 consulendo
372 2346 400 2390 et
413 2353 463 2406 pro
476 2353 561 2407 posse
578 2353 629 2391 suo
644 2337 804 2392 auxiliando
818 2345 870 2392 etc
908 2337 946 2392 Et
959 2337 995 2390 de
1007 2337 1062 2390 hoc
1073 2336 1154 2405 ponit
1167 2352 1197 2390 se
1209 2353 1294 2408 super

187 2422 315 2493 patriam.
355 2425 392 2478 Et
407 2423 486 2479 Prior
498 2424 632 2478 similiter.
671 2425 739 2478 Ideo
757 2433 920 2495 preceptum
937 2434 979 2480 est
996 2433 1049 2480 etc
1063 2434 1122 2478 tam
1134 2424 1292 2480 vicecomiti

189 2512 342 2578 Londonie‚
360 2528 445 2582 quam
464 2511 621 2567 vicecomiti
639 2511 828 2581 Cantebn'gie,
845 2510 922 2581 quod
934 2511 1029 2566 venire
1041 2510 1145 2566 faciant
1157 2511 1205 2566 hic
1217 2529 1235 2566 a
1246 2512 1293 2567 die

187 2601 293 2669 pasche
311 2601 339 2654 in
358 2610 415 2655 tres
434 2601 607 2671 septimanas
626 2601 694 2671 .xij.
714 2609 767 2655 etc.
790 2617 840 2671 per
859 2617 930 2671 quos
950 2611 1002 2656 etc.
1042 2601 1079 2656 Et
1101 2601 1149 2671 qui
1167 2617 1220 2657 nec
1238 2613 1291 2657 etc.

187 2690 262 2758 Quia
280 2699 339 2744 tam
357 2699 409 2744 etc.
446 2689 493 2744 Ad
511 2689 586 2744 hunc
605 2690 681 2744 diem
698 2691 791 2745 assisa
809 2691 887 2746 uenit
904 2701 956 2746 etc¹

253 2811 381 2875 Videns
411 2831 491 2896 ergo
521 2821 709 2876 attornatus
741 2809 862 2876 Prioris
892 2815 982 2895 quod
1010 2814 1113 2896 jurati
1144 2815 1294 2880 dicerent
1306 2826 1456 2920 gam·

187 2917 312 2980 directe
347 2924 462 2978 contra
500 2915 655 2990 Priorem,
689 2924 723 2980 et
759 2915 915 2998 precipue
949 2917 1201 2982 Londonienses
1235 2940 1294 3002 per
1306 2926 1418 3020 3233?

187 3019 384 3102 magistrum
409 3017 557 3081 Alanum
578 3018 754 3102 procurati,
775 3027 808 3082 et
832 3019 941 3083 clerici
962 3021 996 3083 in
1017 3021 1125 3086 banco
1144 3032 1214 3098 etc,
1232 3043 1293 3106 pro
1304 3027 1453 3132 {wa

187 3123 343 3205 dampnis
359 3131 429 3197 etc.,
441 3121 570 3186 studuit
582 3130 678 3184 caute
690 3141 807 3203 pacem
823 3125 950 3186 sectari.
986 3124 1031 3189 Et
1043 3146 1102 3209 per
1116 3127 1290 3192 consilium

186 3229 369 3293 amicorum
393 3226 470 3291 lecit
493 3247 569 3290 cum
593 3227 743 3309 predicto
770 3227 931 3310 magistro
953 3228 1067 3294 Alano
1089 3251 1207 3314 pacem
1231 3252 1292 3316 pro

188 3333 271 3400 .xii.
292 3331 382 3395 libris
403 3330 587 3414 dequibus
609 3330 697 3394 idem
720 3332 879 3414 magister
900 3333 1024 3416 recepit
1044 3334 1139 3398 .xiii.
1164 3356 1292 3400 marcas

186 3447 221 3502 et
251 3436 399 3500 residuas
429 3456 486 3498 .v.
518 3455 646 3498 marcas
675 3434 865 3499 habuerunt
891 3435 999 3501 clerici
1031 3439 1064 3501 in
1097 3439 1205 3503 banco
1231 3461 1292 3524 pro

186 3542 351 3625 dampnis,
373 3549 408 3605 et
434 3539 532 3604 valde
559 3539 709 3602 celeriter
735 3539 797 3603 tuit
824 3542 966 3623 pecunia
990 3541 1047 3606 illa
1072 3542 1182 3608 soluta
1203 3546 1292 3609 vnde

186 3648 416 3732 acquleancia
439 3665 541 3728 penes
565 3645 674 3728 ipsum
698 3655 906 3711 attornatum
930 3647 1060 3712 residet.

411 3845 479 3907 ¹24
523 3824 630 3891 Breue
649 3827 751 3911 Regis
772 3827 814 3891 de
832 3829 1071 3913 empireum.

239 3968 420 4044 E[dwardus]
440 3968 487 4025 dei
511 3969 607 4039 gracia
629 3979 682 4025 etc.
705 3970 864 4026 vicecomiti
890 3972 1071 4044 Cantebrigie
1095 3975 1223 4032 salutem.
1262 3979 1292 4034 Si
1305 3935 1451 4039 maiiiv

185 4062 330 4132 lohannes
348 4061 452 4129 Lewyn
468 4057 564 4113 lecerit
581 4066 610 4113 te
626 4075 757 4113 securum
774 4058 811 4112 de
828 4059 930 4114 elamio
947 4077 999 4116 suo
1015 4064 1214 4133 prosequendo
1226 4076 1292 4120 tunc
1302 4037 1455 4231 ἔξω

1385 4149 1401 4179 n
1409 4142 1436 4180 tc

1305 4189 1335 4230 ue

185 4166 258 4220 pone
275 4165 325 4220 per
336 4146 451 4202 vadium
468 4154 503 4232 et.
512 4147 606 4200 saluos
622 4144 729 4216 plegios
746 4147 901 4214 symonem
918 4147 954 4202 de
968 4149 1105 4205 Hasseles
1119 4151 1244 4208 Priorem
1256 4154 1293 4210 de
1376 4189 1407 4230 aa
1417 4194 1443 4230 ,t

187 4237 364 4304 Bernevelle²
386 4236 501 4290 fratrem
527 4234 712 4290 Benedictum
734 4234 770 4289 de
792 4235 932 4302 Weltone,
955 4238 1112 4294 Robertum
1135 4255 1292 4298 messorem
1305 4239 1409 4332 mit-u

184 4330 221 4385 de
243 4329 416 4391 Cestertone
435 4321 627 4378 Alexandrum
649 4322 685 4376 de
704 4321 858 4378 Caldecote
876 4322 1016 4393 clericum,
1037 4326 1194 4382 Henricunr
1212 4331 1291 4386 Atte·
1303 4320 1417 4392 ⁴June‚'

185 4417 268 4483 harre,
287 4413 459 4469 willelmum
480 4411 579 4481 wny,
600 4411 754 4466 nonnum
776 4411 813 4467 de
833 4412 1024 4482 rappevmue,
1043 4415 1235 4472 mmmmm
1254 4421 1292 4474 ao
1303 4399 1392 4506 mgb
