3234 5059
256 286 260 295 Ι
355 341 428 392 210
453 318 613 417 Dr'sputo
630 321 722 394 roilli
744 322 964 397 Carmelites
981 325 1091 399 about
1109 324 1150 399 S.
1161 324 1298 424 John's
1335 324 1456 424 [soor

435 698 480 760 18.
525 696 647 760 Formo
669 698 904 780 composicionis
915 699 1006 777 sacto
1028 697 1114 761 inter
1136 696 1311 763 Canom'cos
1332 697 1370 761 do

588 800 781 866 Bernewelle
802 810 835 865 et
846 802 976 882 fratres
996 801 1035 865 de
1059 800 1214 868 Carmolo.

186 960 328 1063 32:323&
405 960 553 1017 Uniuersis
574 972 672 1017 sancte
697 962 794 1017 matris
820 961 948 1017 Ecclesie
969 962 1033 1016 filiis
1055 978 1171 1032 presens
1195 962 1330 1033 scriptum
1355 962 1457 1017 uisuris

185 1061 313 1115 snspeemo
350 1048 395 1103 uel
419 1048 557 1105 audituris
582 1049 754 1105 Willelmus¹
779 1049 826 1104 dei
846 1049 944 1119 gracia
963 1047 1095 1119 Elyensis
1115 1050 1267 1120 episcopus
1286 1049 1405 1103 salutern
1427 1051 1456 1104 in

185 1110 335 1213 ἒξὲξξᾷω
351 1134 476 1192 Domino
495 1137 702 1209 sempiternam.

185 1211 338 1305 ζῖξξξῗῐῗξτ
404 1224 431 1277 Ν
434 1224 548 1280 oueritis
564 1242 617 1281 nos
633 1225 777 1297 quoddam
794 1226 1013 1280 instmmentum
1029 1223 1185 1294 inspexisse
1201 1224 1280 1279 cuius
1296 1234 1378 1280 tenor
1391 1226 1458 1281 talis

185 1312 310 1405 ,fflss‘fn'
350 1322 410 1367 est:
442 1312 587 1369 Vniuersis
613 1314 716 1369 Christi
739 1313 871 1369 fidelibus
894 1313 931 1367 ad
952 1330 1025 1384 quos
1048 1313 1208 1383 peruenerit
1232 1314 1285 1368 hec
1309 1314 1456 1385 scriptura,

186 1412 313 1455 nnmweu
351 1400 460 1471 Gwydo
476 1402 603 1457 officialis
621 1404 707 1472 patris
724 1402 833 1457 domini
850 1400 985 1457 willelmi
1002 1401 1048 1457 dei
1065 1402 1162 1471 gracia
1181 1401 1313 1471 Elyensis
1329 1404 1454 1474 episcopi

185 1464 319 1556 ffiffi
349 1497 377 1542 et
391 1488 528 1545 Radulius
541 1490 757 1546 archidiaconus
770 1489 897 1543 eiusdem
911 1490 1032 1544 salutem
1044 1489 1073 1543 in
1086 1487 1203 1543 domino
1216 1488 1424 1559 sempiternam.

186 1563 329 1665 ξῗξεῇζζῆ
403 1578 476 1632 Cum
499 1596 589 1650 nuper
610 1578 683 1634 inter
703 1578 850 1647 religiosos
872 1579 947 1633 viros
966 1576 1080 1632 fratrem
1104 1579 1257 1647 Symonem
1281 1580 1406 1633 Priorem
1427 1590 1455 1633 et

185 1672 241 1715 ¹²⁹⁸·
349 1678 521 1723 conuentum
536 1668 572 1723 de
590 1668 760 1724 Bernewelle
778 1678 900 1722 rectores
916 1666 1036 1723 ecclesie
1055 1667 1152 1721 Sancti
1171 1667 1310 1737 Johannis
1328 1669 1456 1737 Baptiste

350 1756 530 1826 Cantebrigie
546 1766 575 1813 et
589 1757 736 1812 dominum
754 1758 909 1825 Symonem
923 1765 1090 1827 perpetuum
1103 1755 1239 1810 vicarium
1251 1771 1286 1810 ex
1298 1766 1378 1825 parte
1389 1772 1454 1823 vna,

349 1854 377 1899 et
400 1844 514 1900 fratrem
540 1844 712 1901 Willelmum
739 1846 865 1899 Priorem
889 1854 918 1899 et
938 1844 1039 1899 iratres
1060 1844 1168 1898 ordinis
1190 1844 1278 1899 Beate
1302 1842 1394 1899 Marie
1417 1843 1454 1898 de

349 1933 481 1988 Carrnelo
493 1949 527 1988 ex
537 1934 633 2001 altera,
643 1950 727 2004 super
739 1949 775 1987 eo
787 1933 864 2003 quod
876 1932 905 1987 in
917 1931 1054 2002 parochia
1067 1931 1165 1986 Sancti
1178 1931 1316 2001 Johannis
1326 1929 1454 2001 predicta

348 2028 511 2091 perpetuam
524 2020 577 2076 sibi
591 2022 733 2090 elegerunt
746 2020 932 2088 mansionem,
942 2028 1018 2075 esset
1031 2020 1147 2074 suborta
1157 2019 1277 2075 materia
1288 2018 1453 2089 questionis,

349 2111 465 2167 tandem
485 2111 512 2165 in
534 2112 596 2183 ipsa
614 2111 734 2167 ecclesia
754 2112 852 2166 Sancti
870 2110 1010 2180 Johannis
1028 2110 1094 2180 ,xijo
1114 2111 1169 2165 lral.
1191 2108 1359 2165 Decembris
1378 2126 1454 2163 anno

274 2194 292 2245 s·
305 2196 336 2245 80
348 2198 454 2254 domini
477 2208 588 2255 .m⁰.cc⁰.
612 2198 797 2269 nonagesimo
818 2200 918 2270 primo,
940 2208 1036 2270 partes
1057 2199 1183 2269 predicte
1204 2214 1289 2269 super
1309 2198 1454 2268 premissis

347 2287 521 2343 ordinacioni
536 2298 630 2343 nostre
644 2304 674 2342 se
687 2286 847 2357 specialiter
858 2286 1056 2354 submiserunt,
1069 2296 1097 2341 et
1109 2304 1170 2354 nos,
1180 2285 1255 2341 fideli
1269 2285 1454 2357 inquisicione

347 2375 493 2445 premissa,
507 2392 541 2430 ex
558 2390 698 2429 consensu
716 2374 860 2446 vtriusque
876 2375 964 2445 partis
981 2390 1121 2443 expresso,
1136 2373 1163 2428 in
1182 2374 1228 2429 dei
1247 2374 1362 2427 nomine
1379 2374 1453 2429 ordi-

347 2479 456 2517 narnus.

185 2552 214 2593 1n
216 2561 313 2642 'man
401 2551 485 2620 Quod
506 2550 644 2620 videlicet,
668 2551 695 2605 in
720 2552 1017 2623 recompensacionem
1041 2551 1229 2621 dampnorum
1251 2549 1453 2621 omniumque

193 2651 335 2693 ortuense·
347 2638 482 2709 predictis
506 2640 661 2694 rectoribus
686 2646 713 2694 et
735 2640 840 2695 vicario
860 2650 889 2695 et
908 2656 1006 2695 eorum
1031 2638 1241 2694 successoribus
1262 2638 1361 2693 suturis
1382 2646 1452 2693 tern-

184 2700 327 2803 iiiiti'iiffe
348 2726 462 2797 poribus
474 2727 606 2782 euenient
618 2745 668 2797 pro
683 2728 816 2783 domibus
829 2740 856 2783 et
869 2730 931 2783 solo
943 2746 994 2800 per
1004 2728 1147 2798 predictos
1158 2727 1259 2784 fratres
1271 2728 1308 2783 de
1321 2728 1452 2783 Carmelo

182 2800 327 2904 ‘siffffffly
348 2816 375 2869 in
393 2816 554 2884 presencial
571 2816 686 2871 inclusis
704 2828 731 2871 et
748 2817 914 2874 inhabitatis
931 2818 1004 2873 infra
1022 2816 1186 2888 parochiam
1203 2816 1294 2870 sancti
1312 2815 1452 2886 Johannis

182 2900 321 2993 {mam
347 2903 522 2973 premissam,
545 2904 574 2959 in
597 2904 699 2974 quibus
721 2906 885 2976 parochiani
910 2917 976 2961 ante
997 2906 1125 2960 habitare
1147 2906 1284 2969 solebant,
1304 2922 1338 2959 ac
1360 2905 1452 2959 eidem

183 3002 225 3044 me
236 3002 327 3044 houm
347 2989 465 3045 ecclesie
483 2990 645 3045 oblaciones
662 3002 689 3046 et
706 2990 833 3048 decimas
851 2995 1013 3063 personales
1029 2994 1138 3047 soluere
1155 3003 1183 3048 et
1201 2994 1298 3058 reales,
1314 3009 1333 3045 a
1350 2992 1452 3063 quihus

182 3052 325 3195 ζῖξξιὲζὲἷγ
346 3078 478 3133 omnibus
490 3078 590 3134 iratres
602 3080 720 3149 predicti
734 3081 769 3135 de
782 3083 916 3137 Carmelo
932 3099 962 3137 se
978 3091 1108 3136 asserunt
1121 3096 1172 3150 per
1183 3080 1361 3150 priuilegium
1375 3080 1453 3137 sedis

182 3153 314 3245 ffistgflo
345 3166 500 3237 apostolice
529 3184 643 3238 prorsus
672 3169 820 3237 immunes,
845 3170 956 3225 soluent
983 3169 1100 3240 predicti
1127 3168 1206 3223 Pn'or
1234 3177 1263 3223 et
1286 3168 1388 3223 fratres
1414 3170 1452 3224 de

182 3252 332 3345 gfflfflgz
347 3256 478 3311 Carmelo
499 3258 632 3327 predictis
653 3256 739 3312 Priori
759 3268 788 3313 et
806 3258 957 3313 conuentui
978 3259 1014 3313 de
1035 3258 1205 3313 Bernewelle
1226 3268 1255 3312 et
1272 3257 1326 3312 loci
1346 3258 1452 3312 vicario

182 3352 311 3396 -tnmru
346 3344 559 3413 quatuordecim
573 3344 678 3400 solidos
690 3346 846 3403 annuatim.

181 3402 328 3505 iiiiii?
399 3431 606 3488 Tenementum
628 3443 723 3489 autem
744 3435 822 3506 quod
840 3434 958 3506 predicti
976 3434 1077 3489 iratres
1095 3434 1132 3489 de
1154 3432 1285 3487 Cannelo
1306 3435 1451 3503 usquead

182 3504 332 3596 ζξὼζῖξζγ
346 3527 457 3589 tempus
470 3518 654 3574 consectionis
667 3521 844 3591 presencium
857 3521 1028 3575 incluserunt
1041 3536 1072 3574 se
1086 3519 1213 3574 extendit
1229 3519 1258 3573 in
1274 3518 1451 3589 longitudine

180 3604 316 3695 ζὲξξῆἓξῐ
345 3622 363 3659 a
381 3614 470 3661 strata
487 3606 565 3677 regia
582 3624 671 3679 vsque
689 3608 726 3663 ad
747 3625 883 3679 magnam
900 3626 1005 3681 aquam
1023 3617 1192 3674 currentem,
1210 3618 1237 3663 et
1257 3606 1285 3661 in
1304 3607 1451 3663 latitudine
1470 3605 1473 3609 ’

180 3704 302 3746 cnecon·
345 3711 363 3748 a
387 3703 461 3749 terra
485 3712 540 3765 que
563 3695 614 3751 fuit
642 3696 787 3767 quondam
812 3698 951 3767 Johannis
975 3696 1110 3752 Alueredi
1133 3712 1222 3767 vsque
1250 3696 1288 3751 ad
1311 3698 1450 3752 venellam

180 3754 331 3847 ἶξῐῗᾞῆἷξ
344 3782 501 3851 proximam
522 3800 578 3854 que
598 3783 675 3839 ducit
697 3784 734 3839 ad
755 3800 860 3855 aquarn
881 3794 1040 3839 currentem
1060 3782 1224 3854 predictam.
1261 3785 1301 3837 Et
1321 3782 1389 3853 quia
1409 3784 1450 3839 in·

181 3855 331 3948 fflsssm
345 3870 489 3927 habitacio
506 3870 624 3927 fratrum
643 3872 672 3927 in
694 3872 771 3928 dicta
791 3873 928 3943 parochia
945 3874 974 3927 in
996 3872 1198 3927 detrimentum
1217 3880 1246 3925 et
1263 3870 1450 3941 preludicium

180 3954 332 4057 fffiffie
346 3959 441 4030 vicarij
459 3959 587 4031 predicti,
605 3977 639 4016 ac
657 3960 878 4017 diminucionem
896 3971 1086 4032 prouentuum
1104 3978 1154 4016 sue
1170 3960 1274 4015 vicarie
1291 3960 1451 4031 aliqualiter

180 4061 277 4117 toentv
344 4048 521 4117 redundauit,
534 4048 652 4119 predicti
671 4050 751 4104 Prior
766 4060 794 4104 et
811 4058 968 4105 conuentus
980 4048 1017 4103 de
1034 4049 1205 4104 Bernewelle
1217 4046 1333 4103 domino
1345 4048 1450 4103 vicario

180 4107 331 4209 iiiiii„
344 4136 458 4192 nomine
479 4136 584 4191 vicarie
601 4152 651 4192 sue
672 4138 708 4192 de
726 4136 825 4207 viginti
847 4136 944 4191 solidis
965 4150 1037 4207 quos
1055 4152 1074 4189 a
1094 4134 1150 4190 loci
1167 4134 1279 4189 vicariis
1299 4134 1452 4189 hactenus³

392 4284 402 4316 ¹
420 4284 532 4334 william
544 4282 573 4334 oi
581 4284 673 4344 lauth,
687 4300 716 4333 or
727 4284 759 4333 de
772 4284 853 4346 Ludo,
867 4284 910 4350 hp.
923 4283 952 4335 oi
960 4283 1009 4347 Ely
1024 4284 1184 4347 rapo-1298
1196 4281 1232 4342 (d.
1248 4298 1277 4345 τε
1291 4278 1400 4346 March).

391 4362 402 4395 ²
419 4367 613 4435 presenciarum,
626 4366 683 4417 MS.
944 4367 955 4396 ³
972 4373 1083 4425 actenus,
1098 4365 1157 4415 MS.
