3234 5059
159 351 217 457 tv]
428 359 473 454 by
497 357 557 430 tlte
583 357 706 431 Prior
729 357 809 431 and
833 355 999 433 Conveni
1192 375 1263 448 207

251 583 297 629 12.
342 565 537 632 Procuract'o
559 567 607 630 ad
624 566 877 631 contrahendum
898 587 972 630 cum
994 576 1173 631 mercatore.

213 719 361 774 Uniuersis
376 719 479 774 Christi
499 719 629 774 fidelibus
647 729 792 790 presentes
811 718 920 773 litteras
937 718 1105 790 inspecturis
1123 719 1168 774 uel
1186 718 1264 817 audi·
1278 723 1385 815 {olivam

159 807 228 861 turis
242 804 373 878 S[ymon]
387 808 466 880 l'rior
478 808 514 862 de
528 809 698 864 Bernewelle
711 818 739 864 et
752 808 878 863 eiusdem
891 809 946 862 loci
961 820 1118 864 conuentus
1135 808 1265 876 Elyensrs
1279 822 1395 875 appoint-

160 895 321 962 dyoceseos,
335 896 455 950 salutem
468 896 497 950 in
510 897 626 950 domino
639 896 848 966 sempiternam
1279 872 1429 966 ffiffffi'ss‘

214 983 332 1037 Nouerit
351 983 521 1038 uniuersitas
540 993 633 1038 vestra
651 983 728 1052 quod
746 1000 799 1038 nos
818 995 916 1040 tenore
939 984 1117 1054 presencium
1138 983 1265 1047 facimus,
1278 973 1391 1075 322⁸}ss

159 1070 364 1139 constituimus,
374 1081 402 1126 et
410 1072 574 1128 ordinamus
583 1072 719 1127 dilectum
729 1071 812 1128 nobis
821 1073 851 1126 in
860 1071 972 1127 Christo
983 1072 1098 1126 fratrem
1109 1070 1266 1126 Galiridum
1278 1073 1431 1164 supersessis:

159 1157 195 1212 de
214 1158 332 1213 London
350 1159 518 1214 canonicum
536 1170 663 1214 nostrum
681 1171 890 1230 procuratorem
907 1171 1035 1215 nostrum
1052 1159 1210 1229 legitimum
1229 1160 1266 1214 ad
1279 1134 1408 1215 :offitii

160 1253 287 1299 mutuum
305 1247 530 1301 contrahendum
548 1263 637 1317 usque
656 1247 691 1301 ad
711 1247 912 1319 quantitatem.
923 1265 1121 1302 c.marcarum
1140 1247 1265 1316 sterling·
1278 1237 1344 1266 '¹¹³²‘

160 1345 248 1396 orum,
280 1329 430 1384 tresdecim
460 1329 557 1383 solidis
582 1339 610 1384 et
640 1340 761 1400 quatuor
790 1329 916 1398 denariis
943 1345 994 1400 pro
1018 1346 1115 1383 marca
1141 1329 1266 1400 qualibet

160 1417 366 1485 computandis,
402 1433 466 1472 cum
497 1417 711 1488 quibuscunque
740 1418 945 1473 mercatoribus
979 1416 1009 1470 in
1045 1433 1132 1486 regno
1164 1417 1267 1488 Anglie

161 1501 409 1569 commorantibus,
435 1511 462 1556 et
485 1501 523 1555 ad
553 1502 745 1572 recipiendum
776 1503 927 1572 pecuniam
957 1501 1072 1557 nomine
1102 1512 1199 1556 nostro
1229 1503 1267 1556 ab

160 1588 288 1653 eisdem;
306 1589 501 1659 promittentes
519 1607 572 1644 nos
591 1600 683 1645 ratum
701 1601 730 1645 et
748 1589 861 1645 firmum
879 1590 1024 1645 habituros
1043 1589 1177 1660 quicquid
1190 1589 1266 1645 idem

159 1673 244 1729 irater
253 1672 420 1747 G[allridus]
428 1676 589 1732 huiusmodi
598 1685 743 1732 contractu
751 1677 866 1732 nomine
874 1685 971 1732 nostro
979 1677 1089 1732 duxerit
1097 1676 1266 1732 iaciendum.

161 1765 329 1834 Obligamus
350 1766 441 1820 eciam
461 1783 514 1820 nos
536 1766 588 1820 sub
610 1766 749 1836 ypotecha
772 1782 865 1820 rerum
890 1774 1049 1820 nostrarum
1069 1764 1215 1820 mobilium
1239 1774 1268 1820 et

160 1851 346 1907 immobilium
365 1852 402 1906 ad
421 1853 595 1908 solucionem
613 1869 748 1925 penarum
769 1853 905 1908 interesse
923 1863 952 1907 et
971 1853 1159 1922 dampnorum
1172 1870 1227 1924 que
1240 1861 1268 1907 et

160 1956 231 2011 quas
250 1939 317 1994 dicti
331 1951 501 1995 mercatores
518 1941 668 2008 incurrent,
682 1951 709 1994 et
727 1941 764 1994 ad
777 1956 832 2012 que
844 1939 999 2011 prelibatus
1011 1939 1096 1994 irater
1109 1939 1268 1994 Galindus¹

160 2045 213 2082 nos
226 2027 369 2097 obligabit,
383 2027 406 2082 si
420 2029 449 2082 in
462 2029 606 2084 solucione
619 2027 737 2097 pecunie
747 2037 859 2098 recepte
873 2044 922 2082 seu
934 2025 1094 2097 recipiende
1103 2027 1230 2082 terminis
1240 2038 1268 2083 et

160 2115 230 2169 locis
242 2115 447 2169 cessauerimus
461 2115 627 2182 statuendis,
640 2114 838 2170 renunciantes
848 2113 1010 2183 exceptioni
1020 2115 1097 2184 quod
1106 2113 1267 2168 huiusmodi

160 2202 282 2274 pecunia
298 2218 354 2256 non
368 2203 404 2257 sit
417 2219 555 2256 conuersa
568 2203 596 2256 in
609 2201 758 2256 utilitatem
771 2202 890 2256 ecclesie
903 2214 1007 2267 nostre,
1019 2211 1047 2255 et
1060 2199 1191 2256 omnibus
1204 2200 1268 2272 alijs

161 2289 376 2360 excepcionibus
389 2290 491 2361 quibus
504 2289 597 2360 ipsum
611 2289 775 2343 renunciare
788 2288 941 2358 continget.

216 2380 250 2432 ln
263 2378 342 2432 cuius
355 2377 394 2433 rei
407 2378 599 2432 testimonium
613 2376 735 2446 sigillum
748 2377 863 2447 capituli
876 2375 963 2430 nostri
976 2375 1155 2446 presentibus
1167 2376 1267 2432 litteris

161 2466 291 2521 duximus
304 2466 512 2537 apponendum
552 2466 659 2519 Datum
672 2475 726 2519 etc.

206 2713 251 2776 13.
298 2694 492 2759 Procuracio
514 2695 573 2758 sub
594 2692 665 2757 alia
677 2693 793 2773 form
816 2692 865 2755 ad
881 2691 1133 2756 contrahendum
1155 2711 1227 2753 cum

624 2809 804 2862 mercatore.

215 2955 365 3012 Uniuersis
384 2955 488 3010 Christi
508 2955 637 3009 fidelibus
657 2963 802 3023 presentes
822 2952 929 3007 litteras
947 2950 1048 3005 visuris
1066 2951 1111 3006 vel
1123 2949 1268 3016 audituris,
1283 2952 1412 3056 iffi?

163 3043 242 3098 Prior
265 3043 428 3112 monasteri]
451 3044 486 3098 de
510 3043 680 3098 Bernewelle
705 3051 733 3096 et
759 3041 885 3096 eiusdem
909 3039 963 3095 loci
985 3051 1142 3094 conuentus
1163 3037 1269 3093 ordinis
1283 3053 1423 3095 mention

162 3132 252 3186 sancti
266 3130 415 3200 Augustini
431 3131 562 3199 Elyeusis
576 3131 723 3185 dioceseos
736 3130 858 3185 salutem
877 3129 906 3183 in
924 3128 1041 3183 domino
1059 3126 1268 3196 sempiternam.
1283 3104 1414 3195 {ffiffifted

216 3217 362 3274 Noueritis
381 3236 433 3272 nos
452 3217 599 3273 ordinasse
617 3228 646 3273 et
664 3217 845 3273 constituisse
863 3217 997 3272 dilectum
1016 3215 1099 3270 nobis
1112 3215 1140 3269 in
1154 3215 1268 3270 Christo
1282 3209 1396 3246 ΜΝ·

162 3307 276 3363 fratrem
302 3307 462 3362 Galiridum
487 3307 523 3362 de
549 3307 676 3373 london,
699 3318 827 3362 nostrum
847 3305 1016 3360 canonicum
1036 3315 1063 3359 et
1084 3303 1268 3374 subpriorem,

163 3405 373 3466 procuratorem
397 3406 527 3450 nostrum
551 3396 587 3449 ad
613 3397 793 3450 tractandum
818 3411 884 3449 cum
908 3393 1112 3448 mercatoribus
1137 3392 1268 3448 london·

162 3483 295 3550 iensibus,
313 3469 491 3551 Florentinis,
509 3483 568 3537 siue
587 3484 761 3538 Senensibus
778 3495 805 3538 et
822 3484 860 3538 ad
877 3492 1005 3537 mutuum
1021 3482 1214 3552 recipiendum
1231 3482 1269 3536 ab

162 3573 270 3628 eisdem
290 3589 378 3644 usque
397 3573 435 3627 ad
460 3589 601 3627 summam
622 3573 747 3642 aliquam
768 3572 925 3628 secundum
949 3572 1025 3642 quod
1049 3571 1149 3626 melius
1167 3572 1269 3627 uiderit

163 3661 293 3731 expedire
311 3662 340 3716 in
359 3661 507 3716 utilitatem
526 3660 644 3715 ecclesie
663 3671 758 3715 nostre
777 3660 1005 3716 connectendam.
1045 3661 1154 3714 Dantes
1175 3660 1268 3715 eidem

163 3749 276 3820 plenam
295 3760 323 3804 et
341 3749 458 3804 liberam
478 3758 647 3818 potestatem
666 3749 811 3818 obligandi
830 3765 882 3804 nos
901 3759 930 3804 et
948 3765 1126 3803 successores
1148 3758 1268 3814 nostros,

164 3836 324 3892 Ecclesiam
339 3846 474 3903 nostram,
488 3838 564 3892 bona
580 3847 676 3892 nostra
692 3838 789 3892 omnia
805 3836 923 3893 mobilia
938 3847 967 3892 et
983 3836 1139 3891 immobilia
1157 3837 1269 3890 ecclesi·
1282 3845 1299 3896 f.
1314 3860 1345 3911 79

163 3925 253 3982 astica
271 3935 299 3980 et
318 3925 463 3979 mundana
480 3925 587 3979 eisdem
607 3925 809 3981 mercatoribus
828 3925 874 3980 uel
892 3941 989 3980 eorum
1008 3922 1091 3979 alicui
1110 3926 1154 3979 vel
1172 3942 1269 3979 eorum

164 4013 249 4083 socijs
267 4013 370 4083 quibus
389 4029 441 4066 nos
459 4013 585 4082 obligare
602 4012 747 4080 noluerint,
761 4021 853 4066 ratum
864 4009 1017 4082 babiturii]
1029 4021 1057 4067 et
1069 4022 1181 4081 gratum
1193 4012 1269 4082 quic-

163 4101 231 4172 quid
244 4100 387 4172 predictus
399 4099 483 4154 irater
503 4097 671 4170 G[aliridus]
684 4099 798 4154 nomine
817 4108 913 4154 nostro
932 4109 960 4154 et
979 4099 1107 4154 Ecclesie
1126 4108 1221 4154 nostre
1240 4099 1270 4153 in

164 4189 278 4260 prelatis
290 4187 400 4243 duret-it
411 4186 581 4241 iaciendum.

218 4280 251 4333 In
264 4278 344 4333 cuius
357 4275 396 4332 rei
409 4277 601 4331 testimonium
614 4285 666 4331 etc.
706 4277 814 4330 Datum
827 4286 878 4331 etc

594 4402 603 4435 ¹
621 4405 760 4466 Guarinus,
774 4405 834 4456 MS.
