3234 5059
352 369 402 453 96
625 362 686 459 Os
707 359 882 461 Geoffrey
907 360 968 435 the
997 360 1184 457 Ceaplain
1340 354 1457 459 [Boou

349 546 474 602 indebite
490 555 519 601 et
535 557 634 603 contra
645 557 773 603 tenorem
785 557 863 602 carte
880 546 1005 618 predicte
1020 546 1080 617 jam
1093 564 1143 617 per
1154 544 1298 601 biennium
1312 544 1458 611 subtraxit,

348 635 498 705 quominus
516 635 633 705 predicti
651 636 708 691 duo
725 636 894 704 sacerdotes,
908 636 979 690 sicut
997 635 1102 704 ibidem
1119 635 1231 689 studere
1246 642 1273 688 et
1292 650 1343 704 pro
1362 632 1457 687 anima

348 721 475 793 predicta
493 722 591 777 diuina
608 724 751 778 celebrare
770 722 874 777 debent
893 733 920 777 et
939 722 1039 790 solent,
1059 724 1171 779 studere
1190 721 1307 793 possint.

402 811 440 865 Et
464 811 538 866 vnde
562 810 697 882 placitum
720 812 773 866 t'uit
797 811 871 866 inter
894 826 943 865 eos
968 810 997 865 in
1019 811 1119 866 eadem
1142 812 1233 879 Curia,
1253 809 1359 864 scilicet
1379 808 1455 879 quod

347 899 490 971 predictus
510 900 589 954 Prior
605 900 769 969 recognouit
781 909 811 955 et
824 900 972 965 concessit,
985 916 1036 970 pro
1049 916 1079 954 se
1092 909 1120 954 et
1133 898 1343 955 successoribus
1357 898 1455 951 suiset

347 987 467 1042 ecclesia
484 1006 536 1045 sua
552 990 649 1044 Sancti
668 988 764 1059 Egidii
781 988 817 1043 de
835 988 1014 1056 Bemewelle,
1027 987 1104 1059 quod
1121 987 1175 1059 ipsi
1193 988 1324 1042 decetero
1337 986 1456 1041 reddent

348 1077 465 1146 singulis
478 1078 560 1131 annis
573 1077 683 1132 duobus
696 1077 891 1132 sacerdotibus
904 1076 1001 1131 diuina
1013 1075 1228 1143 celebrantibus,
1238 1074 1303 1129 etin
1313 1074 1456 1143 theologia

348 1162 376 1217 in
390 1162 517 1234 predicta
528 1163 710 1219 uniuersitate
719 1164 907 1231 studentibus,
916 1172 944 1218 et
954 1163 1044 1218 eciam
1055 1180 1104 1233 per
1115 1161 1320 1217 cancellarium
1330 1159 1455 1231 predicte

348 1251 545 1319 uniuersitatis,
564 1261 592 1306 et
613 1268 664 1322 per
684 1250 809 1305 Priorem
828 1252 863 1307 de
885 1251 1055 1307 Bernewelle
1073 1250 1121 1321 qui
1141 1268 1191 1321 pro
1209 1260 1336 1319 tempore
1354 1248 1456 1304 luerint

347 1338 452 1405 electis,
468 1338 568 1393 decern
585 1355 696 1393 marcas
714 1338 823 1408 argenti
843 1338 929 1393 annui
948 1338 1074 1394 redditus
1092 1337 1288 1408 inperpetuum
1307 1336 1455 1391 habendas

347 1434 376 1481 et
400 1428 547 1481 annuatim
572 1427 768 1498 percipiendas
793 1426 902 1482 eisdem
926 1426 1121 1481 sacerdotibus
1143 1442 1194 1495 per
1214 1441 1315 1480 manus
1336 1423 1454 1496 predicti

349 1514 453 1569 Prioris
470 1525 497 1570 et
513 1532 708 1571 successorum
725 1533 840 1571 suorum
858 1516 894 1571 de
911 1517 1043 1571 omnibus
1060 1516 1140 1570 terris
1157 1524 1185 1569 et
1202 1514 1372 1570 tenementis
1390 1530 1455 1568 curn

347 1601 528 1673 pertinencijs
543 1619 597 1674 que
614 1603 691 1659 idem
710 1604 789 1658 Prior
806 1604 896 1658 tenuit
913 1603 942 1658 in
958 1604 1024 1658 villa
1039 1604 1075 1657 de
1088 1603 1266 1673 Wygenhale
1278 1604 1306 1656 ln
1320 1601 1455 1657 comitatu

349 1692 376 1744 N
379 1690 513 1745 orfolebie
529 1692 574 1746 die
591 1709 647 1762 quo
661 1692 713 1747 bec
726 1692 881 1747 concordia
893 1690 968 1747 sacta
980 1691 1031 1746 suit
1046 1690 1166 1745 adduas
1180 1690 1329 1745 terminos:
1349 1688 1455 1744 scilicet

348 1779 529 1836 medietatem
551 1780 587 1834 ad
609 1779 712 1835 festum
734 1780 825 1835 sancti
849 1780 1007 1848 Michaelis,
1027 1791 1055 1834 et
1077 1779 1194 1834 alteram
1216 1779 1397 1834 medietatem
1418 1778 1455 1833 ad

349 1868 466 1923 Pascha
506 1868 543 1921 Et
560 1868 584 1921 si
601 1868 746 1937 contingat
762 1868 840 1939 quod
856 1868 999 1939 predictus
1018 1868 1097 1922 Prior
1112 1868 1157 1922 uel
1175 1884 1353 1923 successores
1368 1867 1410 1922 sui
1427 1866 1456 1920 in

348 1955 492 2010 solucione
512 1955 630 2026 predicti
652 1956 778 2011 redditus
800 1957 898 2013 decem
921 1972 1079 2011 marcarum
1102 1956 1138 2010 ad
1161 1956 1283 2026 aliquem
1305 1954 1455 2011 terminum

347 2043 509 2109 defecerint,
533 2044 607 2099 bene
632 2044 728 2100 licebit
755 2043 882 2115 predicto
908 2043 1084 2099 Cancellario
1109 2043 1186 2112 ipsos
1211 2042 1385 2111 distringere,
1411 2042 1456 2096 uel

348 2146 540 2201 quoscumque
553 2131 600 2201 qui
614 2131 642 2183 in
660 2140 804 2202 posterum
817 2130 945 2201 predicta
961 2140 1122 2186 tenementa
1139 2130 1283 2196 tenebunt,
1297 2146 1347 2201 per
1360 2128 1456 2184 omnia

347 2216 450 2272 catalla
463 2234 514 2272 sua
526 2218 555 2271 in
564 2217 699 2288 predictis
708 2218 876 2273 tenementis
887 2218 1002 2272 inuenta
1011 2233 1101 2288 usque
1111 2216 1149 2271 ad
1158 2216 1271 2287 plenam
1281 2216 1455 2272 solucionem

347 2304 527 2361 denariorum
539 2306 587 2376 qui
599 2315 692 2360 aretro
704 2306 808 2361 tuerint
821 2306 856 2361 de
869 2305 917 2359 illo
929 2304 1056 2361 termino.

362 2524 414 2585 41.
459 2507 510 2570 De
534 2505 703 2589 Capellam
724 2506 991 2571 excmnmunicato
1013 2506 1072 2589 qui
1091 2505 1138 2569 sie
1158 2515 1294 2569 uocatur
1307 2515 1440 2587 propter

512 2612 703 2676 sentenciam
725 2632 824 2695 quam
847 2611 1050 2676 Laurencius
1071 2610 1177 2675 Prior
1196 2610 1291 2674 dedit.

186 2773 269 2818 otthe
402 2765 544 2820 Omnibus
561 2766 666 2821 Christi
683 2765 814 2821 fidelibus
831 2774 883 2821 etc.
901 2765 1073 2820 laurencius
1088 2764 1167 2818 Prior
1179 2773 1232 2819 etc.
1270 2762 1455 2819 Vniuersitati

184 2826 318 2918 milii*
348 2864 441 2909 uestre
456 2853 578 2923 presenti
596 2854 701 2925 scripto
714 2853 950 2923 recognoscimus,
964 2869 1016 2906 nos
1029 2850 1154 2905 unanimi
1167 2850 1285 2905 consilio
1297 2860 1325 2905 et
1339 2867 1454 2906 assensu

185 2925 313 3017 ἷῗζξω,
349 2942 523 2997 concessisse
551 2941 677 2996 Domino
707 2942 835 2997 Galt'rido
860 2942 896 2996 de
922 2939 1093 2995 Bemewelle
1119 2939 1272 3009 Capellano
1297 2939 1454 2994 corredium

186 3022 331 3118 gffffil
349 3032 430 3085 vuius
448 3030 585 3085 Canonici
604 3029 710 3083 scilicet
727 3028 755 3083 iu
773 3046 847 3099 pane
864 3038 892 3083 et
909 3038 976 3098 potu
991 3038 1018 3083 et
1034 3028 1157 3098 potagio,
1170 3038 1197 3081 et
1210 3044 1296 3081 unum
1310 3026 1454 3094 ferculum,

184 3126 228 3169 stre
237 3126 313 3167 uene-
349 3126 377 3172 et
393 3133 478 3172 unam
495 3116 649 3186 pitanciam
668 3115 705 3170 ad
717 3132 851 3184 magnum
865 3114 1024 3184 prandium,
1037 3123 1065 3169 et
1078 3114 1156 3168 aliud
1169 3112 1206 3167 ad
1218 3130 1327 3181 cenam,
1341 3114 1456 3183 quando

184 3175 334 3276 iicdigdrrrey
350 3206 486 3261 Canonici
510 3204 554 3258 bis
579 3203 739 3268 comedunt,
758 3203 794 3257 de
815 3201 915 3257 eodem
938 3202 1012 3271 quod
1036 3202 1172 3257 Canonici
1195 3201 1352 3272 percipiunt
1374 3211 1402 3255 et
1426 3202 1455 3256 in

184 3278 317 3377 dilapido,
349 3293 450 3348 eadem
466 3291 632 3363 quantitate,
645 3291 682 3344 ad
696 3290 934 3344 sustentacionem
947 3288 1029 3343 vuius
1046 3289 1191 3357 Capeliani
1204 3290 1252 3359 qui
1266 3304 1316 3360 pro
1329 3298 1455 3359 tempore

184 3376 268 3469 3ξῶἓὶ
278 3438 293 3467 ι
348 3379 431 3434 fuerit
447 3377 487 3450 [et
503 3376 563 3450 qui]
580 3396 631 3449 pro
648 3378 719 3433 viuis
736 3388 765 3433 et
781 3378 920 3432 defunctis
938 3378 967 3431 in
984 3377 1070 3431 domo
1087 3376 1293 3433 Elemosinarie
1310 3388 1405 3432 nostre
1420 3378 1455 3433 de

185 3476 301 3529 ehnptatn
349 3468 510 3538 prouisione
528 3478 556 3522 et
573 3466 775 3539 impetracione
793 3467 882 3538 ipsius
900 3465 1019 3521 Galfridi
1037 3475 1172 3537 perpetuo
1189 3466 1286 3521 diuina
1302 3467 1454 3521 celebrabit

184 3527 283 3621 iifssb‘
349 3558 378 3611 in
397 3558 476 3612 curia
493 3557 537 3611 vel
556 3557 585 3610 in
604 3556 671 3610 villa
689 3556 725 3610 de
745 3554 915 3609 Bernewelle
932 3552 1151 3624 percipiendum.

184 3627 304 3721 &emm
403 3644 603 3701 Concessimus
624 3645 714 3700 eciam
736 3643 828 3698 eidem
850 3639 1003 3713 G[a1trid0]
1023 3641 1060 3696 ad
1082 3658 1152 3712 opus
1172 3640 1308 3711 capellani
1327 3634 1453 3697 eiusdem

186 3730 319 3779 humanm
348 3746 434 3785 unam
458 3744 584 3783 marcam
607 3744 732 3783 annuam
757 3728 793 3781 ad
818 3736 911 3781 vestes
936 3726 1143 3796 comparandas
1167 3724 1205 3779 ad
1226 3725 1298 3780 duos
1319 3726 1454 3780 terminos

184 3778 319 3872 iuntiiirim
349 3831 367 3869 a
388 3812 472 3867 nobis
493 3811 712 3882 percipiendam,
732 3809 839 3865 scilicet
861 3810 898 3864 ad
921 3810 1033 3864 Pascha
1051 3808 1199 3863 dimidiam
1218 3824 1352 3875 marcam,
1371 3820 1398 3863 et
1417 3809 1455 3864 ad

184 3880 296 3971 3220,
349 3901 452 3958 festum
466 3899 556 3955 sancti
571 3899 721 3954 Michaelis
730 3897 878 3953 dimidiam
888 3914 1022 3964 marcam,
1032 3898 1070 3951 ita
1080 3896 1186 3951 scilicet
1197 3896 1272 3966 quod
1284 3896 1454 3967 Capelianus

266 4007 283 4059 f,
304 4021 334 4071 35
349 3998 521 4045 memoratus
548 3986 595 4057 qui
624 4002 675 4055 pro
702 3995 830 4054 tempore
857 3984 938 4039 luerit
965 3986 994 4039 in
1019 3984 1116 4039 babitu
1143 3983 1261 4037 seculari
1286 3983 1454 4038 constitutus

349 4072 507 4128 corredium
531 4086 596 4125 cum
620 4086 714 4123 annua
738 4084 835 4123 marca
859 4078 1015 4121 memorata
1038 4067 1101 4120 loco
1125 4076 1153 4120 et
1177 4066 1263 4120 modo
1293 4066 1454 4136 supradicto

349 4160 483 4233 percipiet
501 4167 529 4214 et
547 4156 672 4212 habebit.

403 4246 602 4304 Concessimus
632 4245 722 4299 eciam
753 4243 847 4299 eidem
878 4243 1033 4313 Capeliano
1063 4241 1110 4311 qui
1141 4256 1192 4310 pro
1218 4249 1345 4310 tempore
1373 4239 1454 4295 tuerit

349 4336 490 4392 sufficiens
512 4342 540 4387 et
561 4332 713 4386 honesturn
730 4329 889 4401 hospicium
908 4329 937 4383 in
955 4328 1033 4383 cun'a
1052 4326 1257 4382 Elemosinarie
1275 4335 1370 4380 nostre
1389 4342 1454 4381 cum

348 4418 502 4492 capellanis
520 4426 548 4471 et
567 4415 676 4471 clericis
694 4415 798 4470 nostris
817 4412 922 4468 ibidem
940 4411 1190 4467 commorantibus.
