3234 5059
157 341 219 440 111]
277 343 369 418 Casa
393 344 544 440 against
569 343 630 417 the
655 342 899 417 Archdeacon
925 342 974 438 of
990 339 1140 440 Suffolk
1192 365 1255 433 141

157 527 327 592 reddendo
349 528 411 592 sibi
433 537 466 592 et
489 529 665 594 heredibus
688 530 756 593 suis
780 549 987 613 perannum
1010 529 1056 611 .j.
1080 527 1263 601 denarium,
1276 535 1394 628 gggthe

157 629 282 695 nullam
308 631 430 695 faciens
454 633 662 697 mencionem
685 633 728 696 de
750 635 929 716 sexaginta
955 633 1071 697 solidis
1094 631 1263 695 soluendis
1275 637 1390 729 me

158 733 259 796 Priori
276 736 319 798 de
335 736 537 800 Bernewelle
552 757 611 818 per
621 757 756 801 annum.
792 736 869 820 Quo
882 737 980 815 sacto,
992 737 1080 800 idem
1095 735 1263 799 Robertus
1276 737 1406 829 muns

156 837 241 901 obiit
266 839 350 902 infra
377 839 554 904 dimidium
582 861 706 904 annum
735 851 940 925 sequentem.
987 841 1158 905 Predictus
1184 860 1263 903 uero
1275 837 1373 929 {ffl}

158 941 250 1005 Prior
266 943 356 1006 misit
371 945 568 1008 canonicum
584 965 680 1008 suum
697 947 739 1008 ad
757 946 924 1010 Burstalle
939 947 982 1012 ad
994 943 1260 1027 distringendum
1275 938 1350 979 ¹²⁸⁰·
1389 949 1409 979 ¹·

157 1066 217 1129 pro
249 1046 380 1111 redditu
411 1047 473 1110 sibi
504 1048 619 1112 debito
648 1059 682 1113 et
710 1051 842 1127 releuio,
872 1051 931 1115 sed
963 1051 1103 1114 ministri
1134 1049 1263 1113 domini

157 1149 289 1214 Thome
311 1171 376 1215 non
399 1153 619 1235 permiserunt
641 1175 717 1218 eum
736 1154 903 1219 adducere
918 1154 1151 1226 districtiones,
1167 1161 1201 1217 et
1216 1153 1265 1216 sic

158 1255 255 1318 rediit
281 1255 370 1318 idem
397 1257 576 1320 canonicus
601 1257 724 1321 infecto
748 1259 887 1340 negocio
911 1267 1095 1341 expectans
1118 1257 1264 1320 feliciora

157 1367 317 1440 tempora
364 1360 456 1423 Prior
479 1381 557 1423 uero
580 1361 723 1425 cessauit
746 1383 804 1444 per
827 1383 888 1424 sex
912 1383 1018 1426 annos
1044 1362 1219 1425 continuos
1243 1382 1264 1424 a

157 1461 372 1527 districtione.
419 1463 575 1546 Expletis
599 1486 679 1529 uero
702 1487 762 1528 sex
786 1467 891 1540 annis,
912 1468 1031 1529 iterum
1053 1465 1152 1547 redijt
1174 1464 1263 1528 idem

156 1567 335 1630 canonicus
365 1567 409 1630 ad
441 1567 628 1632 iaciendum
661 1569 914 1647 districtionem,
940 1580 975 1634 et
1005 1570 1134 1633 inuenit
1163 1589 1263 1633 vnam

157 1690 310 1734 carucam
341 1682 490 1736 arantem
523 1674 555 1736 in
587 1673 686 1737 feodo
716 1675 781 1750 illo,
807 1684 842 1738 et
872 1677 1029 1758 apposuit
1056 1695 1192 1738 manum
1219 1675 1262 1738 ad

157 1772 431 1856 distringendum.
500 1775 568 1842 Sed
605 1778 762 1841 carucarii
799 1778 947 1843 iecerunt
985 1777 1192 1854 [oristallum
1229 1788 1263 1842 et

157 1876 313 1960 sugerunt
328 1899 404 1944 cum
421 1888 493 1944 tota
508 1902 635 1956 caruca,
653 1892 686 1946 et
705 1884 885 1946 canonicus
906 1882 1043 1946 uiriliter
1063 1882 1264 1964 sequebatur

157 2003 215 2045 eos
241 2005 316 2047 cum
344 1984 477 2048 hutasio
504 1994 537 2050 et
564 2007 676 2062 comu‚
706 1996 740 2050 et
766 1987 951 2070 publicauit
978 1986 1174 2052 [cristallum
1204 2008 1264 2070 per

156 2096 262 2151 totam
293 2089 417 2166 villam,
447 2098 480 2154 et
511 2111 570 2174 per
599 2091 694 2154 villas
732 2092 932 2156 adiacentes
993 2091 1089 2155 Tunc
1126 2091 1261 2173 quidem

157 2191 348 2274 impetrauit
379 2191 471 2254 Prior
501 2191 601 2256 breue
632 2213 719 2256 noue
749 2194 936 2276 dissaysine
962 2214 1062 2277 super
1087 2195 1262 2258 dominum

156 2294 324 2358 Thomam
348 2305 383 2358 et
405 2294 515 2378 plures
538 2296 630 2374 alios,
653 2307 687 2360 et
709 2297 772 2361 fuit
795 2299 957 2380 placitum
981 2299 1066 2362 inter
1089 2319 1147 2362 cos
1172 2300 1261 2381 apud

157 2398 335 2463 Cateshale
366 2419 477 2462 coram
511 2399 702 2482 justiciarijs
733 2401 911 2484 assignatis
941 2401 1095 2467 videlicet
1125 2403 1263 2466 domino

156 2502 310 2586 Johanne
330 2503 373 2566 de
393 2504 563 2581 Louetot¹,
581 2515 615 2568 et
638 2505 772 2588 Rogero
794 2506 838 2569 de
860 2506 1059 2589 Leycestrc².
1108 2508 1152 2570 Et
1172 2509 1263 2570 uenit

157 2627 281 2690 assysa‚
302 2616 336 2670 et
355 2607 443 2671 dixit
465 2608 657 2673 mirabiliter
678 2609 763 2673 bene
783 2631 845 2693 pro
866 2611 986 2687 Priore,
1007 2620 1041 2674 et
1062 2620 1264 2674 taxauerunt

156 2713 304 2794 dampna
324 2712 444 2774 Prioris
465 2712 508 2775 ad
530 2714 584 2776 xl.
600 2713 725 2776 solidos
745 2723 779 2777 et
800 2715 964 2796 arreragia
980 2714 1128 2778 redditus
1143 2715 1186 2778 de
1201 2735 1263 2778 sex

156 2816 253 2879 annis
264 2816 307 2879 ad
320 2816 419 2880 xviii.
433 2816 532 2879 libras
545 2837 633 2880 anno
645 2817 737 2900 regni
751 2818 837 2900 regis
854 2816 1010 2881 Edwardi
1026 2823 1096 2880 .1x⁰.
1144 2818 1264 2882 Postea

157 2920 249 2982 uenit
264 2919 372 2983 dictus
388 2918 544 2983 dominus
560 2919 710 2982 Thomas
725 2920 758 2984 in
775 2919 882 2985 forma
894 2921 985 3003 pacis
1000 2939 1077 2983 cum
1094 2921 1213 2997 Priore,
1229 2931 1263 2986 et

157 3022 250 3088 dedit
265 3025 294 3086 ei
312 3023 366 3087 .lx.
382 3043 510 3087 marcas
526 3022 759 3105 sterlingorum
774 3045 781 3101 ;
804 3034 838 3086 et
855 3025 947 3088 Prior
968 3024 1116 3088 seoffauit
1132 3044 1208 3088 eum
1229 3035 1263 3089 et

157 3126 294 3191 heredes
317 3148 394 3191 suos
417 3127 450 3189 in
474 3136 671 3209 perpetuum
695 3126 738 3189 de
760 3127 911 3210 predicto
933 3128 1064 3191 redditu
1086 3129 1263 3211 sexaginta

156 3232 347 3308 solidorum,
372 3230 542 3294 reddendo
568 3230 631 3294 sibi
657 3241 691 3294 et
714 3233 956 3296 successoribus
979 3233 1103 3297 suiset
1125 3233 1263 3298 ecclesie

157 3356 215 3400 sue
245 3335 287 3398 de
318 3334 520 3399 Bernewelle
550 3334 596 3417 .j.
628 3333 745 3398 libram
777 3335 890 3398 cimini
919 3335 1058 3419 singulis
1088 3337 1184 3400 annis
1218 3340 1261 3403 ad

159 3439 285 3503 Pascha
307 3461 368 3522 pro
391 3439 546 3503 omnibus
569 3439 715 3522 seruicijs
739 3449 799 3504 etc.

205 3709 215 3742 ¹
230 3711 298 3776 John
315 3711 346 3762 de
362 3711 480 3772 Louetot,
498 3729 513 3763 a
527 3713 618 3778 justice
635 3714 665 3763 os
678 3714 720 3765 the
735 3723 806 3764 court
822 3715 851 3765 of
864 3717 989 3768 Common
1006 3718 1260 3786 Pleesm75-1289,

158 3793 230 3843 when
245 3792 277 3842 he
292 3808 344 3842 was
361 3793 479 3842 removed
495 3809 528 3843 on
544 3809 559 3842 a
575 3793 666 3860 charge
682 3793 711 3844 os
724 3794 849 3845 extortion
865 3798 915 3846 aud
931 3797 1003 3847 other
1017 3799 1115 3849 crimes.
1150 3801 1192 3850 He
1203 3801 1262 3850 died

160 3891 221 3987 129:
234 3958 317 4022 Roger
328 3957 361 4008 de
373 3958 506 4018 leicester,
522 3958 636 4022 ajustice
647 3959 676 4008 os
690 3960 733 4009 the
744 3969 815 4010 court
827 3960 857 4010 oi
870 3962 995 4012 Common
1007 3962 1079 4013 Pleas
1094 3963 1261 4032 1276-1289,

156 4042 230 4092 when
242 4042 274 4091 he
286 4057 337 4090 was
349 4042 468 4092 removed
480 4057 514 4092 on
525 4043 629 4107 charges
640 4043 735 4093 similar
746 4051 772 4094 to
784 4044 856 4094 those
866 4045 964 4110 against
973 4046 1041 4110 John
1052 4047 1085 4096 de
1097 4046 1213 4098 lovetot.
