3234 5059
352 339 421 408 128
637 334 809 408 Election
836 333 884 430 of
898 332 1021 406 Prior
1039 333 1176 426 Symon
1331 329 1451 428 [soon

347 517 561 602 Quapropter
590 518 714 582 viribus
744 517 892 600 corporis
926 514 1015 598 cepit
1051 513 1213 597 paulatim
1244 513 1390 588 destitui,
1419 513 1453 575 in

346 632 479 687 tantum
502 624 592 706 quod
616 623 741 686 diceret
763 621 920 686 iratribus
943 621 1010 684 suis
1034 640 1070 683 se
1093 619 1159 682 iam
1183 617 1302 682 morbo
1324 617 1454 681 sontico

348 727 506 806 laborare,
536 748 597 792 nec
627 748 726 810 posse
756 748 791 790 se
821 725 959 790 vlterius
994 725 1037 788 ad
1073 723 1303 788 defensionem
1333 723 1454 786 domus

347 831 503 896 sufficere.
551 832 596 895 Et
622 841 735 895 tamen
762 839 837 894 toto
862 839 1015 912 tempore
1045 849 1106 892 suo
1136 827 1227 891 bona
1256 825 1454 908 temporalia

348 933 564 1010 sufficiebant,
595 954 661 997 non
693 943 826 998 tantum
863 932 906 995 ad
943 951 1039 995 usum
1076 929 1216 993 fratrum
1252 929 1311 992 sed
1347 929 1453 992 eciam

347 1039 497 1102 omnium
538 1037 661 1102 ibidem
700 1036 954 1101 declinancium.
1021 1034 1160 1100 Studuit
1197 1054 1277 1116 ergo
1314 1032 1455 1097 sollicite

349 1141 491 1224 qualiter
506 1140 615 1223 potuit
636 1161 694 1203 sue
714 1140 818 1222 quieti
840 1139 1014 1221 prouideri.
1060 1137 1138 1200 Vno
1154 1136 1255 1219 igitur
1269 1137 1455 1220 eodemque

349 1245 404 1310 die
420 1244 513 1308 uenit
530 1243 717 1326 Episcopus
735 1242 892 1324 Elyensis
912 1242 1003 1323 apud
1026 1240 1229 1305 Bernewelle
1244 1250 1279 1303 et
1294 1251 1455 1324 patronus

350 1357 463 1412 noster
492 1347 649 1412 dominus
679 1347 718 1411 G.
748 1345 884 1409 Pecche.
941 1344 1130 1426 Episcopus
1154 1363 1289 1426 quoque
1319 1344 1455 1407 intrauit

350 1451 543 1535 capitulum,
566 1460 601 1514 et
626 1450 783 1532 exposuit
810 1448 1071 1513 imbecillitatem
1099 1449 1219 1512 Prioris
1243 1470 1355 1513 coram
1379 1470 1456 1512 con·

351 1565 462 1631 uentu,
493 1564 527 1618 et
557 1554 647 1636 quod
685 1553 801 1618 habuit
838 1552 1047 1616 uoluntatem
1079 1551 1229 1616 cedendi.
1276 1553 1322 1615 Et
1356 1552 1456 1616 ualde

350 1659 504 1724 admirati
519 1667 598 1723 sunt
619 1659 735 1722 iratres
755 1668 825 1721 tam
848 1657 891 1720 de
911 1657 1106 1733 rumoribus,
1121 1677 1223 1740 quam
1244 1658 1287 1719 de
1308 1656 1455 1721 aduentu

349 1763 496 1846 episcopi
532 1772 567 1826 et
602 1763 734 1846 patroni
765 1762 861 1845 quasi
891 1783 936 1825 ex
968 1761 1146 1844 inprouiso.
1208 1760 1298 1844 Quid
1336 1760 1457 1843 plura?

187 1880 335 1934 Priorlolnn
349 1865 550 1930 Volentibus
571 1887 628 1930 seu
651 1866 841 1930 nolentibus
864 1865 1028 1942 iratribus,
1044 1866 1254 1947 multumque
1275 1864 1457 1927 reclaman-

185 1932 336 2024 ibiiffiiiff
349 1971 447 2048 tibus¹
463 1971 644 2053 resignauit
660 1971 842 2053 prioratum
860 1970 893 2032 in
910 1990 1028 2032 manus
1047 1968 1203 2052 episcopi.
1250 1968 1296 2032 Et
1312 1968 1457 2050 prouisio

184 2033 318 2184 {iffi
350 2074 431 2138 satis
452 2084 646 2156 competens
669 2073 732 2137 fuit
755 2074 784 2136 ei
808 2093 967 2136 concessa
987 2093 1045 2154 per
1064 2082 1175 2135 totum
1197 2080 1402 2135 conuentum
1423 2073 1456 2135 in

350 2178 521 2262 presencia
544 2178 701 2260 episcopi.

417 2281 607 2345 Recedente
642 2302 721 2344 uero
756 2282 916 2364 episcopo
946 2281 1105 2344 remansit
1135 2280 1293 2362 magister
1326 2279 1455 2361 Symon

348 2385 391 2449 de
421 2384 555 2449 Ascellc
582 2386 638 2468 qui
667 2394 747 2449 tunc
774 2394 846 2448 erat
870 2384 1021 2448 officialis
1047 2383 1195 2466 episcopi
1220 2391 1257 2445 ut
1284 2383 1458 2446 interesset

348 2490 515 2554 eleccioni.
562 2489 738 2572 Petitaque
759 2489 897 2552 licencia
918 2488 960 2551 de
983 2497 1125 2570 patrono
1146 2485 1203 2568 qui
1223 2495 1303 2549 tunc
1323 2506 1456 2565 presens

348 2604 420 2658 erat
450 2592 603 2676 eligendi,
635 2604 864 2658 conuenerunt
894 2593 1011 2656 iratres
1047 2593 1080 2654 in
1118 2590 1301 2674 capitulum
1337 2590 1456 2654 eodem

349 2697 413 2774 die,
438 2707 471 2761 et
499 2697 654 2760 inuocata
684 2697 796 2779 gracia
827 2698 962 2780 spiritus
992 2696 1100 2760 sancti
1131 2695 1245 2759 statim
1276 2704 1457 2758 tractatum

349 2801 498 2866 iecerunt
523 2800 566 2864 de
592 2799 764 2864 electione.
811 2801 1045 2883 Concessaque
1072 2799 1180 2863 tribus
1206 2799 1249 2862 de
1273 2799 1457 2862 senioribus

348 2915 516 2990 potestate
551 2903 709 2968 audiendi
747 2914 826 2968 uota
856 2904 1063 2987 singulorum
1099 2924 1159 2987 per
1189 2903 1395 2977 semtinium,
1424 2911 1458 2965 et

348 3011 591 3095 pronunciandi
635 3010 667 3072 in
710 3009 842 3092 scriptis
888 3030 989 3091 quem
1036 3010 1149 3072 sanior
1190 3028 1267 3089 pars
1312 3007 1459 3089 elegerit,

347 3136 464 3178 omnes
494 3114 648 3179 exierunt
684 3114 727 3178 de
762 3114 919 3196 capitulo,
945 3115 1099 3196 exceptis
1131 3113 1234 3176 tribus
1265 3113 1458 3195 prenotatis.

348 3218 397 3282 At
425 3219 479 3295 illi,
507 3219 703 3300 incipientes
729 3239 749 3280 a
776 3216 962 3280 senioribus
988 3216 1184 3298 singillatim
1215 3216 1393 3279 audiemnt
1424 3216 1457 3278 in

348 3322 481 3385 secretis
508 3331 588 3384 uota
615 3320 831 3402 singulorum,
854 3329 889 3382 et
915 3320 1106 3402 inscriptis
1134 3318 1335 3401 redigerunt.
1381 3317 1458 3401 Quo

348 3425 446 3500 iacto,
473 3433 702 3488 conuenerunt
732 3443 849 3486 omnes
881 3422 998 3486 iratres
1029 3423 1061 3484 in
1090 3423 1284 3505 capitulum,
1309 3431 1343 3485 et
1373 3442 1458 3485 unus

347 3531 447 3592 trium
488 3527 713 3610 predictorum
753 3528 988 3608 pronunciauit
1024 3529 1057 3589 in
1094 3527 1225 3609 scriptis
1261 3526 1457 3607 magistrum

110 3667 115 3676 ·
187 3643 313 3706 simonae
350 3633 534 3714 Symonem
563 3632 605 3695 de
637 3630 773 3694 Ascellc
800 3632 833 3694 in
862 3631 1007 3695 Priorem
1037 3640 1071 3694 et
1099 3633 1271 3695 Pastorem
1300 3630 1458 3693 canonice

185 3695 315 3786 iiiiii?
349 3757 422 3800 esse
448 3737 600 3800 electum.
646 3734 724 3818 Quo
750 3734 875 3813 audito,
899 3756 975 3799 cum
998 3737 1131 3798 cantico
1154 3735 1262 3798 laudis
1284 3743 1457 3817 surgentes

186 3794 262 3835 m
274 3847 291 3896 s.
305 3850 335 3910 48
350 3861 475 3917 omnes,
491 3841 533 3902 ad
555 3839 739 3914 ecclesiam,
755 3848 792 3902 ut
813 3860 886 3902 mos
909 3851 968 3916 est,
984 3839 1166 3923 psallentes
1188 3840 1297 3922 ipsum
1315 3839 1456 3901 electum

350 3945 571 4009 deduxerunt.
617 3943 667 4006 At
691 3943 747 4006 illo
770 3963 883 4006 coram
908 3964 1031 4026 magno
1052 3944 1157 4008 altare
1179 3952 1347 4026 prostrato
1370 3942 1458 4006 dixit

349 4048 502 4131 subprior
531 4056 625 4109 stans
656 4047 753 4110 iuxta
783 4066 860 4108 eum
891 4046 1083 4109 oracionem
1115 4056 1321 4111 consuetam.
1378 4045 1457 4110 Sur-

348 4172 497 4234 gensque
520 4152 645 4214 electus
668 4152 780 4213 statim
809 4159 1021 4233 presentatus
1045 4160 1095 4213 est
1118 4160 1270 4232 patr0n0,
1292 4151 1350 4232 qui
1376 4159 1456 4213 tunc

346 4276 483 4340 presens
508 4265 580 4319 erat
605 4255 639 4318 in
664 4255 813 4330 ecclesia,
837 4264 870 4318 et
896 4253 951 4317 ille
975 4256 1126 4336 gaudens
1150 4253 1287 4319 admisit
1312 4274 1399 4329 eum,
1423 4263 1458 4317 et

345 4361 513 4425 osculatus
543 4369 594 4424 est
623 4380 708 4423 eum.
755 4359 887 4422 Eodem
917 4379 1051 4441 quoque
1081 4359 1136 4421 die
1166 4359 1312 4442 acceptis
1339 4381 1453 4424 secum

344 4465 476 4534 duobus
496 4466 664 4532 canonicis
685 4465 882 4532 accelerauit
903 4462 946 4527 ad
966 4464 1162 4547 episcopum
1183 4485 1244 4547 pro
1265 4464 1454 4550 optinenda
