3234 5059
625 364 803 440 Centenis

166 562 192 617 3
232 550 324 605 Breue
337 550 425 621 Regis
436 567 488 621 pro
499 550 568 607 dote
581 548 700 607 Mabtlie
711 548 806 605 uxoris
817 548 946 605 eiusdem
959 546 1089 605 Gallridi.

168 634 196 687 4
236 620 375 677 Placitum
389 638 485 677 corant
496 622 665 692 Justiciarijs
678 622 773 691 Regia.

171 705 196 761 5.
235 693 327 747 Breue
341 693 429 762 Regis
440 693 478 749 de
490 692 684 763 inquisicione.

169 762 197 816 6.
236 763 377 819 iudicium
390 780 441 835 pro
455 765 551 819 Priore
563 764 600 819 de
613 763 897 819 Bemewellecontra
912 760 1060 818 Mabiliarn
1073 761 1110 817 de
1125 762 1238 817 Howes.
1284 756 1328 821 15

168 846 195 900 7.
233 834 334 889 Assisa
345 846 430 905 capta
442 834 516 891 inter
529 835 655 890 Priorem
670 834 857 889 Laurencium
869 841 898 887 et
912 834 1068 889 Robertutn
1082 834 1108 888 le
1123 833 1190 889 Ros.

170 904 196 958 8.
236 907 282 959 De
294 907 409 974 Agneta
423 906 524 961 Morel.

169 990 196 1043 ᾳ
237 976 376 1101 Ρὴεὲῑιιηι
399 986 500 1031 contra
526 974 680 1031 Ricardum
704 976 741 1031 de
761 974 887 1046 Capella,
909 984 936 1029 et
961 984 1061 1029 contra
1088 974 1270 1031 Humln'dnm

317 1048 500 1117 eCloptonc.

153 1132 194 1170 to
235 1119 307 1171 ltern
319 1118 455 1188 placitum
466 1128 566 1173 contra
580 1116 734 1173 Ricardum
745 1117 783 1173 dc
794 1116 921 1187 Capella.

155 1203 196 1241 tt.
236 1189 375 1243 Placitum
388 1200 488 1244 contra
503 1189 686 1245 Humiridum
697 1189 735 1243 de
748 1190 800 1243 Clo
822 1199 896 1244 tone.

155 1274 196 1312 te.
236 1260 327 1313 Breue
340 1257 501 1331 W[illelmi]
514 1262 620 1315 Bretnn
632 1259 785 1330 Justiciarij
830 1260 918 1315 omini
934 1259 1028 1327 Regis.

120 1340 125 1349 ’
155 1344 197 1397 13
236 1332 283 1383 De
294 1331 395 1385 Assisa
406 1348 462 1401 que
474 1333 552 1387 uenit
565 1346 660 1386 coram
674 1330 842 1401 justiciariis
856 1330 974 1385 Domini
990 1331 1083 1399 Regis.

157 1415 198 1467 ¹4
235 1400 601 1472 VeredictumJuratorum.

157 1484 198 1540 ις.
236 1473 282 1525 De
298 1472 505 1597 caduocacione
538 1472 666 1527 Ecclesie
695 1473 733 1527 de
763 1473 889 1541 Byrtone
919 1480 1018 1527 contra
1049 1472 1204 1528 Radullum
1234 1473 1271 1528 de

323 1560 429 1599 arnea.
987 1594 990 1601 ,

157 1616 199 1667 πά
236 1613 337 1667 Assisa
348 1562 433 1684 cngta
444 1614 482 1671 de
494 1613 688 1670 aduocatione
700 1613 822 1669 ecclesie
835 1614 871 1668 de
886 1616 1018 1684 Byrtone
1031 1614 1130 1684 Jnrnti,
1144 1624 1196 1671 etc.

159 1698 200 1750 ¹7·
237 1686 284 1738 De
296 1685 460 1740 nominibus
471 1685 640 1754 Juratorum

158 1756 199 1810 til
239 1756 286 1809 De
298 1755 390 1809 sonna
401 1757 489 1826 pacis

158 1840 200 1892 ¹9·
240 1826 312 1880 Item
329 1828 464 1896 placitum
481 1827 519 1883 de
533 1827 728 1883 aduocacione
740 1826 860 1882 ecclesie
872 1827 909 1882 de
924 1829 1046 1897 Byrtone
1059 1829 1132 1883 inter
1144 1828 1270 1884 Priorem

301 1898 338 1951 de
358 1900 528 1954 Bernewelle
546 1909 700 1969 petentem,
725 1907 754 1953 et
781 1899 936 1953 Robertum
958 1899 994 1953 de
1018 1899 1223 1955 Brakenberwe
1241 1909 1270 1955 et

302 1969 472 2037 Magistrum
493 1970 647 2024 Radult'um
666 1969 704 2024 de
721 1969 866 2037 Wyltham
885 1967 1078 2037 defendentes,
1097 1987 1177 2047 anno
1191 1970 1269 2038 regni

300 2038 375 2105 regis
393 2038 527 2095 Edwardi
545 2048 621 2095 xvia

155 2124 201 2164 2ο.
240 2109 416 2165 lurotulacio

47 2248 53 2257 ἱ
156 2196 202 2234 21.
241 2180 321 2236 Prior
346 2181 507 2251 impetrauit
533 2182 726 2239 aliudbreue
750 2182 805 2237 sub
828 2181 930 2237 eadem
954 2181 1044 2238 forma
1068 2199 1125 2254 qua
1148 2183 1271 2253 primum

304 2253 389 2307 breue
400 2252 491 2308 luerat
504 2254 686 2324 impetratum
697 2252 751 2307 nisi
764 2253 840 2323 quod
852 2270 956 2308 nomen
966 2254 1093 2323 magistri
1106 2252 1272 2327 R[adulphi]

302 2323 392 2378 fuerat
403 2323 575 2395 appositum.
614 2326 705 2379 Breue
722 2323 862 2379 iudiciale.

156 2408 203 2449 22.
240 2394 327 2449 Aliud
338 2395 424 2449 breue
435 2394 503 2465 quia
514 2395 608 2451 assisa
618 2412 675 2449 non
688 2395 774 2449 uenit.

157 2480 203 2535 23.
241 2465 327 2520 Aliud
340 2466 425 2521 breue
437 2465 505 2535 quia
516 2482 617 2535 assysa
627 2484 685 2521 non
698 2466 783 2522 uenit.

157 2550 204 2603 24
243 2536 381 2591 Iudicium
394 2536 423 2591 in
437 2538 535 2591 Banco
546 2537 714 2593 deecclesia
725 2537 762 2592 de
776 2539 908 2607 Byrtone.

158 2622 176 2661 2
177 2620 204 2731 ἑ
243 2608 383 2733 Placitum
395 2617 495 2734 cong:
508 2609 668 2734 Rol‘ilerturln
679 2609 791 2734 ww
804 2610 841 2664 de
854 2610 943 2664 ‘l'erra
955 2610 1067 2664 Thorne
1080 2610 1190 2678 Tuylet.

159 2694 204 2733 2.
276 2694 448 2733 acrumcon
504 2696 560 2733 eun
581 2695 629 2734 ern
669 2696 687 2733 o
750 2696 806 2733 um,

160 2762 203 2816 27.
244 2750 382 2803 Placitum
395 2749 432 2805 de
444 2750 570 2805 Roberto
582 2750 641 2803 filio
654 2751 771 2805 Roberti
787 2750 907 2805 Hubert

158 2821 203 2875 28.
243 2821 289 2874 De
300 2820 462 2877 nominibus
474 2822 643 2891 juratorum.

159 2906 203 2960 29
243 2890 381 2946 Placitum
394 2892 431 2945 de
443 2890 509 2946 dote
523 2892 642 2947 Mabilie
653 2908 709 2962 que
721 2891 773 2947 luit
785 2908 855 2947 uxor
867 2892 979 2947 Thome
991 2893 1101 2962 Tuyiet.

160 2977 205 3031 30
245 2962 337 3015 Brcue
348 2960 455 3016 domini
471 2963 558 3031 Regis
570 2963 607 3017 de
619 2964 743 3017 Extenta
754 2972 870 3033 pasture
882 2964 918 3017 de
933 2964 1106 3031 Maddingle.

160 3048 204 3101 3ι.
243 3034 367 3087 Extenta
379 3043 493 3102 pastore
504 3034 542 3089 de
556 3033 731 3101 Maddingle

159 3118 205 3171 32·
243 3106 291 3158 De
302 3104 474 3185 predacione
485 3104 523 3159 de
535 3104 714 3174 Wygenhale
724 3120 802 3160 anno
815 3104 894 3174 regni
907 3105 981 3174 regis
997 3104 1139 3178 H[enrici]
1151 3106 1200 3176 tij0.

159 3188 205 3243 33
243 3176 290 3229 De
302 3174 436 3229 incendio
447 3175 485 3230 de
497 3176 621 3231 Brunne.

162 3258 205 3315 34.
243 3247 290 3301 Dc
300 3246 426 3300 aduemu
440 3246 528 3315 Regis
541 3243 685 3317 H[enrici]
696 3255 726 3301 et
737 3246 775 3301 de
786 3246 847 3302 eius
861 3262 980 3303 recessu.

160 3328 204 3385 35.
243 3317 290 3371 De
302 3316 764 3389 oppressionibuspostgnerram
1288 3330 1306 3381 1.
1320 3332 1359 3395 ,ab

162 3388 206 3455 36
244 3389 291 3442 De
303 3388 439 3458 capcione
451 3388 552 3458 Jacobi
564 3405 599 3443 ca
636 3388 704 3443 llani
715 3387 753 3444 de
765 3388 950 3457 Wygenhale.

160 3470 206 3526 37.
244 3459 290 3512 De
301 3458 427 3529 quodam
439 3458 576 3530 palefrido
627 3468 657 3513 to
669 3458 786 3513 domiuo
797 3456 946 3534 J[ohanni]
957 3461 994 3516 de
1008 3462 1108 3531 Burgo

161 3528 205 3596 31
244 3530 289 3583 De
307 3529 514 3654 sresignacione
542 3529 651 3585 domini
675 3529 769 3601 Jolani
797 3530 902 3585 Prioris
930 3542 957 3586 et
986 3534 1142 3589 Creacione
1171 3534 1275 3591 Prioris

347 3617 449 3655 monta
1016 3652 1018 3659 .

163 3684 207 3739 3p
245 3671 291 3726 De
311 3618 412 3726 itinere
431 3670 656 3742 Justiciariontm
677 3672 754 3743 apud
776 3672 991 3742 Cantebrigiam
1009 3675 1117 3731 scilicet
1138 3677 1277 3747 Magistro

307 3742 420 3813 Rogero
439 3742 475 3797 de
496 3744 603 3812 Seyton
622 3753 652 3799 et
670 3744 756 3799 sociis
775 3743 844 3798 eius

160 3826 205 3879 4o
244 3813 291 3868 De
307 3812 414 3883 placito
430 3824 530 3869 contra
547 3815 672 3869 Priorem
687 3815 724 3868 de
737 3814 921 3871 chikesaund
935 3826 1050 3887 propter
1066 3828 1174 3873 sectam
1193 3819 1277 3873 Curie

309 3882 420 3939 comitis
437 3884 598 3941 Glouemie.

161 3970 205 4023 41.
244 3955 572 4025 Cyrograpltumcontra
584 3956 758 4011 Willelmum
771 3956 809 4011 de
823 3957 1011 4013 Dokiswrthe.
1123 3984 1125 3987 ·

161 4042 206 4094 4²·
245 4026 292 4080 De
304 4025 439 4095 homagio
450 4026 560 4082 domini
574 4027 690 4081 Roberti
703 4026 740 4082 de
756 4027 861 4082 Insula.

162 4112 206 4167 43
245 4097 352 4152 Contra
364 4096 540 4152 Willelmum
554 4098 667 4153 Seman.

162 4184 206 4237 44
245 4168 354 4223 Contra
367 4168 540 4223 Michaelem
554 4169 643 4239 Pylat.

161 4254 206 4310 45.
246 4240 355 4294 Contra
367 4239 560 4310 Reginaldum
573 4239 665 4295 Burel

160 4310 205 4379 46.
244 4310 352 4365 Contra
363 4310 515 4366 Warinurn
529 4310 684 4367 Memettle

160 4396 205 4449 47.
243 4380 352 4435 Contra
364 4382 524 4437 Gilbertum
539 4382 640 4437 Peclte.
823 4410 825 4414 v
863 4426 865 4431 .
982 4436 985 4443 ,

159 4454 203 4523 41
244 4454 351 4510 Contra
365 4453 536 4526 Magistrum
550 4454 707 4512 Robertum
718 4456 842 4526 Aunger.
