3234 5059
157 347 221 448 111]
432 347 524 422 Casa
549 347 599 444 of
615 346 745 444 Ralplz
769 347 814 420 de
843 345 1011 445 Cropper
1194 370 1263 440 143

158 535 192 598 in
219 533 385 616 peticione
411 553 472 596 sua
498 551 564 596 non
592 532 744 596 exaudiri
769 532 962 615 impetrauit
984 531 1096 596 literas
1119 529 1265 614 papales,
1279 547 1432 641 tm„

158 637 249 720 quod
276 637 405 700 decime
432 637 487 700 ille
513 637 556 700 de
581 637 650 699 iure
673 637 843 698 communi
866 644 1017 718 spectare
1039 635 1200 698 deberent
1221 635 1265 698 ad
1279 648 1433 741 effi,

158 740 332 804 ecclesiam
348 760 442 804 suam
459 741 566 804 sancti
582 739 718 803 Andree
734 741 777 803 de
794 739 962 822 Hystone,
976 739 1056 822 quia
1070 749 1165 802 erant
1180 738 1265 802 inira
1280 751 1407 851 :pm

159 845 284 907 limites
306 843 463 926 parochie
485 864 552 920 sue,
568 852 602 907 et
623 843 700 906 fecit
723 843 817 907 citari
839 844 986 906 Priorem
1007 852 1043 906 et
1062 851 1265 906 conuentum
1280 849 1428 951 &5133ng

159 968 270 1012 coram
288 959 482 1031 precentore
498 947 647 1012 Ecclesie
664 947 874 1012 Cathedralis
891 947 1143 1010 Lincolniensis.
1175 949 1268 1011 Prior
1281 950 1433 1052 ffiffier

160 1071 240 1116 uero
277 1051 367 1116 misit
405 1052 449 1116 ibi
487 1061 735 1134 procuratorem
773 1071 870 1113 suum
903 1052 1100 1114 canonicum
1131 1052 1267 1115 nomine
1280 1052 1420 1154 2222&

161 1155 334 1239 Algerum,
346 1157 412 1239 qui,
424 1164 564 1240 accepto
575 1155 697 1230 libello,
709 1157 823 1219 statim
836 1155 1020 1238 appellauit
1031 1156 1075 1218 ad
1091 1156 1265 1219 dominum

160 1281 293 1344 papam,
309 1270 343 1324 et
363 1262 406 1324 ad
427 1261 606 1325 tuicionem
627 1259 716 1322 sedis
732 1259 988 1324 Cantuariensis.
1036 1260 1081 1322 Et
1098 1258 1162 1322 hoc
1183 1261 1267 1324 mul-

159 1375 232 1430 tum
249 1365 373 1448 placuit
388 1365 579 1429 aduersario
595 1384 664 1440 suo,
676 1364 765 1428 vnde
778 1363 886 1446 judex
901 1361 1021 1427 detulit
1036 1363 1268 1447 appellacioni,

154 1480 195 1586 pt
223 1468 359 1552 prefixit
389 1469 538 1552 partibus
567 1469 656 1533 diem
687 1469 720 1532 in
751 1469 841 1532 curia
871 1488 1017 1533 romana
1067 1469 1159 1532 Prior
1188 1489 1268 1533 uero

161 1575 252 1639 misit
281 1576 324 1638 ad
355 1576 479 1638 curiam
511 1584 757 1658 procuratorem
788 1594 885 1637 suum
916 1573 1040 1637 scilicet
1071 1574 1267 1656 magistrum

162 1679 343 1743 Ricardum
360 1680 402 1743 de
418 1681 450 1743 N
454 1680 575 1743 edham
591 1679 634 1743 ad
650 1678 897 1742 defendendum
918 1698 1052 1742 causam
1073 1699 1176 1742 suam.
1222 1679 1268 1743 Et

161 1792 239 1865 post
261 1783 432 1846 biennium
460 1783 522 1846 suit
549 1803 650 1845 causa
671 1783 808 1845 remissa
833 1783 866 1845 in
890 1781 1051 1864 Angliam
1075 1783 1269 1846 instruenda

160 1907 272 1951 coram
294 1885 469 1968 judicibus,
492 1885 646 1950 videlicet
673 1885 921 1949 Archidiacono
945 1885 1059 1950 Sancti
1085 1885 1210 1949 Albani
1234 1897 1268 1950 et

161 1991 304 2057 Officiali
336 1991 508 2056 Bedelord.
553 1989 631 2073 Qua
661 1991 822 2054 instructa
851 2009 928 2053 cum
958 1990 1189 2073 positionibus,
1219 1994 1268 2055 re·'

161 2094 403 2178 sponsionibus,
415 2094 684 2178 deposicionibus
700 2096 845 2170 testium,
858 2104 892 2158 et
908 2094 1021 2158 multis
1037 2096 1269 2172 amminiculis,

161 2201 393 2264 remittebatur
407 2201 526 2263 iterum
542 2219 643 2262 causa
658 2198 702 2261 ad
718 2199 843 2262 curiam
860 2197 984 2262 ibidem
1000 2199 1220 2276 terminanda,
1234 2209 1269 2262 et

161 2303 206 2368 ibi
222 2303 391 2386 pendebat
406 2312 440 2366 et
455 2303 636 2386 languebat
651 2323 711 2386 per
730 2313 864 2385 tempus
884 2312 1028 2386 quatuor
1047 2304 1100 2367 uel
1121 2304 1268 2387 quinque

163 2409 337 2490 Paparum,
364 2407 517 2470 videlicet
541 2427 601 2489 per
627 2428 695 2470 .xx.
726 2426 834 2470 annos
861 2415 894 2469 et
920 2405 1073 2488 amplius,
1100 2426 1167 2469 non
1197 2409 1269 2472 sine

162 2513 319 2596 grauibus
335 2512 493 2594 expensis
508 2521 543 2576 et
560 2511 674 2574 multis
696 2510 871 2574 laboribus.
918 2510 1072 2575 Tandem
1094 2531 1173 2575 uero
1193 2516 1286 2593 pro-'

162 2627 312 2682 curatore
335 2616 483 2680 eiusdem
507 2615 657 2698 magistri
683 2615 855 2697 Radulphi
882 2616 1124 2679 contumaciter
1149 2636 1185 2679 se
1210 2616 1268 2678 ab·

162 2730 323 2798 sentante,
339 2720 407 2786 lata
427 2730 479 2784 est
499 2719 669 2782 sentencia
690 2739 751 2801 pro
770 2718 845 2802 jure
863 2719 985 2782 Prioris
1005 2720 1268 2784 contradictum

163 2836 333 2900 rectorem,
360 2834 394 2890 et
420 2825 686 2906 condempnatus
716 2833 787 2889 erat
817 2834 925 2888 rector
953 2825 987 2888 in
1017 2825 1175 2908 expensis
1205 2846 1270 2908 que

162 2930 403 2994 estimabantur
418 2929 462 2992 ad
477 2930 679 3013 quingentas
695 2949 831 2993 marcas.
876 2929 945 2994 Sed
965 2928 1068 2993 iudex
1089 2930 1301 2992 reseruauitf.
1317 2951 1347 3003 ⁵3

162 3034 225 3098 sibi
240 3034 463 3098 taxacionem.
510 3034 706 3097 Procurator
721 3053 800 3096 uero
817 3033 938 3096 Prioris
954 3035 1137 3115 reportauit
1156 3053 1269 3096 secum

163 3141 196 3204 in
208 3139 370 3222 Angliam
381 3139 585 3202 sentenciam
598 3138 702 3202 latam
715 3138 779 3202 sub
789 3136 899 3221 sigillo
912 3137 1041 3220 judicis,
1053 3147 1087 3202 et
1098 3138 1272 3221 legebatur

164 3243 197 3308 in
208 3242 306 3325 plena
316 3244 447 3324 synodo
459 3244 548 3324 apud
563 3241 764 3306 Bernewelle
776 3263 887 3306 coram
900 3243 992 3305 omni
1004 3242 1099 3306 clero.
1139 3243 1271 3306 Deinde

164 3347 302 3412 audiens
320 3347 410 3410 Prior
426 3347 517 3430 quod
534 3348 693 3429 magister
713 3345 912 3429 Radulphus
933 3367 1061 3410 moram
1083 3346 1207 3410 faceret
1227 3346 1270 3410 ad

164 3449 337 3515 ecclesiam
364 3471 458 3513 suam
486 3450 529 3514 de
558 3450 723 3532 Hystone,
750 3450 840 3513 misit
867 3449 912 3512 ibi
939 3450 1146 3532 subpriorem
1173 3470 1270 3514 suum

163 3556 361 3640 Johannem,
384 3563 418 3618 et
444 3554 547 3617 alium
574 3555 781 3630 canonicum,
803 3555 860 3638 qui
886 3554 950 3618 sibi
977 3564 1012 3618 et
1037 3554 1271 3618 executoribus

163 3659 231 3723 suis
258 3657 497 3722 denunciarent
521 3657 766 3741 nequicquam
790 3665 1031 3740 attemptarent
1054 3659 1206 3721 ordinare
1229 3658 1272 3722 de

164 3762 260 3826 bonis
283 3762 353 3824 eius
376 3782 549 3844 quousque
572 3761 779 3825 satisfactum
802 3771 890 3824 esset
914 3761 1016 3824 Priori
1041 3762 1083 3825 de
1105 3763 1272 3845 expensis.

166 3865 266 3948 Quod
288 3875 322 3930 et
343 3865 468 3930 lactum
489 3875 540 3930 est
561 3865 615 3928 die
637 3865 836 3929 Sanctorum
859 3865 969 3949 Cyrici
990 3876 1024 3930 et
1038 3865 1142 3948 Julite
1156 3867 1272 3931 matris

164 3970 249 4034 eius¹
272 3970 305 4032 in
329 3970 491 4033 cimiterio
514 3969 620 4032 sancti
645 3968 781 4032 Andree
804 3970 848 4032 de
873 3970 1030 4051 Hystone
1048 3970 1134 4033 -hora
1156 3971 1272 4052 prima,

165 4073 374 4156 presentibus
405 4073 538 4136 Thoma
575 4073 739 4136 seruiente
777 4073 921 4149 rectoris,
950 4075 1089 4137 domino
1117 4073 1272 4155 Johanne

166 4177 330 4240 monacho
346 4177 389 4241 de
405 4176 596 4254 Bitlisdene,
614 4176 766 4242 Gallrido
784 4177 901 4254 Herui,
917 4177 1062 4242 Ricardo
1078 4179 1272 4262 Wyndaler,

230 4388 240 4422 ¹
256 4389 312 4441 The
323 4389 477 4455 martyrdom
488 4389 517 4440 ol
527 4389 554 4441 S.
568 4389 620 4457 Cyr
629 4391 680 4441 aud
691 4391 730 4441 his
741 4390 841 4441 mother
849 4389 927 4456 Juliet
939 4401 989 4441 was
1000 4390 1062 4457 kept
1075 4389 1106 4441 16
1115 4392 1189 4457 June.
