3234 5059
373 391 440 460 166
467 387 576 462 Luke
591 389 624 461 le
637 389 837 464 Marslzall
850 391 932 464 and
943 391 1081 489 Symon
1098 391 1142 465 dc
1159 391 1324 466 Mordrm
1349 389 1471 492 [soon

364 579 451 636 tone.
497 571 598 656 Quod
622 583 659 636 ut
682 572 811 637 audiuit
834 572 944 638 dictus
966 575 1124 638 dominus
1147 574 1304 640 Warinus
1327 574 1470 640 muitum

363 675 485 753 timuit,
497 685 531 740 et
548 676 581 740 in
597 678 742 741 crastino
759 677 857 742 ualde
874 699 973 742 mane
989 680 1081 744 uenit
1093 680 1135 743 ad
1148 681 1273 744 curiam
1286 689 1471 763 expectans

364 781 547 845 aduentum
576 781 704 845 Prioris
750 780 830 865 Quo
857 782 1011 847 ueniente
1038 785 1178 849 accessit
1203 783 1348 849 adeum
1373 782 1471 849 ualde

364 883 533 948 humiliter
552 886 662 949 dictus
682 885 839 950 dominus
855 885 1021 965 Warinus,
1036 898 1070 951 et
1091 887 1215 971 optulit
1229 889 1259 952 ei
1275 888 1470 970 homagium

364 1009 470 1054 suum.
528 991 573 1054 Et
607 989 695 1054 idem
728 989 820 1054 Prior
850 991 979 1074 Symon
1011 992 1136 1076 recepit
1166 992 1360 1076 homagium
1391 993 1471 1068 eius,

364 1092 518 1159 videlicet
535 1095 568 1159 in
583 1104 693 1159 castro
708 1094 776 1159 fere
791 1096 854 1159 sub
869 1096 1028 1178 gradibus
1044 1097 1128 1173 auie,
1140 1096 1350 1180 presentibus
1364 1096 1470 1161 tribus

364 1201 541 1276 canonicis,
556 1199 710 1264 videlicet
731 1200 784 1282 .J.
805 1199 849 1263 de
870 1199 997 1265 Sancto
1019 1200 1233 1277 Eadmundo,
1255 1199 1405 1265 Roberto
1426 1202 1470 1264 de

365 1303 547 1382 Swafham,
568 1313 601 1369 et
625 1304 775 1368 Roberto
797 1306 840 1368 de
867 1304 1047 1381 Hokitone,
1069 1305 1148 1369 item
1172 1304 1311 1368 domino
1335 1304 1469 1388 Rogero

364 1409 406 1473 de
429 1407 632 1486 Walesham‚
654 1408 808 1491 Johanne
836 1407 902 1472 But
928 1419 1008 1474 tunc
1036 1408 1164 1474 Maiore
1192 1409 1470 1492 cantabrigiensi,

363 1512 516 1595 Johanne
541 1512 584 1578 de
611 1511 800 1588 Caldecote,
828 1513 982 1594 Johanne
1008 1512 1051 1578 de
1074 1513 1225 1590 Camera,
1249 1513 1400 1577 Roberto
1425 1514 1469 1577 de

364 1615 538 1694 Saustone,
560 1625 595 1680 et
615 1615 728 1680 multis
749 1614 832 1698 aiijs.
879 1616 972 1680 Fecit
992 1616 1098 1680 eciam
1120 1636 1237 1700 pacem
1258 1636 1335 1679 cum
1357 1615 1468 1680 Priore

362 1720 405 1782 de
444 1719 618 1803 aneragijs
653 1740 714 1804 pro
752 1718 977 1804 quadraginta
1018 1719 1133 1784 solidis
1174 1739 1258 1802 quos
1300 1719 1468 1803 predictus

361 1824 532 1908 Johannes
557 1823 623 1888 But
646 1824 845 1908 manucepit.

505 2013 557 2078 93.
602 1996 655 2061 De
675 1997 783 2080 quieta
804 1996 999 2060 clamacione
1019 1995 1105 2060 Luce
1127 1993 1326 2062 Marescalli.

198 2151 278 2194 oruu
279 2153 308 2196 ιιι
428 2125 573 2208 Quidam
590 2126 692 2190 homo
707 2128 750 2190 de
762 2127 966 2210 Arnigtone¹
982 2125 1091 2189 dictus
1105 2123 1214 2188 Lucas
1231 2126 1262 2190 le
1278 2126 1466 2191 Mareschai

197 2202 329 2346 ‘risurum
362 2230 509 2313 portauit
538 2228 640 2293 breue
670 2230 773 2312 Regis
804 2249 904 2312 super
931 2229 1077 2292 Priorem
1104 2227 1148 2292 de
1174 2237 1246 2293 toto
1273 2238 1467 2294 tenemento

196 2304 271 2395 ciii„
247 2315 336 2397 ιιίἰιιι
362 2331 452 2414 quod
475 2330 536 2396 suit
557 2331 691 2396 Radulfi
713 2333 755 2396 de
770 2332 904 2415 Verly
895 2352 928 2395 rn
952 2330 1093 2395 Brunne
1140 2331 1185 2395 Et
1208 2331 1301 2395 Prior
1320 2332 1414 2396 dedit
1436 2333 1466 2396 ei

196 2403 286 2446 nettled
296 2405 329 2456 by

196 2463 212 2494 ι
195 2464 328 2546 ἲινζοιιιιιι
297 2417 446 2499 ιιιιάυοε
472 2436 597 2500 solidos
623 2447 657 2501 et
683 2437 808 2522 recepit
835 2437 879 2501 ab
905 2439 1023 2501 eodem
1051 2436 1200 2519 quietam
1226 2436 1466 2500 clamacionem

196 2553 321 2607 munna·
361 2559 422 2622 pro
444 2560 480 2603 se
502 2549 535 2604 et
558 2539 736 2604 heredibus
759 2541 827 2604 suis
850 2540 1092 2624 inperpetuum.

460 2729 511 2792 94
556 2709 609 2776 De
629 2711 720 2775 .xur'.
742 2709 889 2794 derrarijs
911 2709 1059 2775 redditus
1078 2731 1158 2793 quos
1181 2708 1304 2792 Symon
1327 2709 1366 2774 de

640 2815 801 2878 Mordone
823 2813 992 2899 [Mordere]
1017 2814 1203 2898 recognour't.

195 2959 323 3053 gsffmon
281 3012 338 3054 raon
426 2953 541 3016 Homo
561 2950 699 3036 quidam
720 2951 764 3017 de
787 2951 922 3016 Brunne
937 2961 1077 3016 uocatus
1093 2951 1223 3034 Symon
1239 2950 1283 3015 de
1300 2950 1465 3016 Mordone

192 3061 321 3154 ffifflgm
358 3056 505 3122 debebat
522 3056 623 3120 Priori
640 3055 724 3137 .xvj.
741 3056 896 3120 denarios
910 3075 1012 3119 annur
1005 3054 1179 3120 redditus
1195 3075 1255 3138 pro
1270 3064 1465 3121 tenemento

192 3161 218 3202 ¹²¹
230 3161 323 3206 noum.
358 3162 447 3242 quod
464 3162 507 3224 de
528 3181 568 3225 eo
583 3160 691 3225 tenuit
707 3161 740 3224 in
757 3160 901 3236 Brunne,
916 3160 1071 3224 videlicet
1085 3179 1153 3224 vno
1174 3161 1347 3243 mesuagio
1361 3169 1420 3224 et.
1429 3181 1464 3226 x

357 3264 441 3326 acris
467 3271 561 3329 terre
606 3263 710 3328 Terra
738 3283 817 3328 uero
843 3261 935 3326 illa
927 3283 960 3326 rn
987 3271 1119 3327 tantum
1144 3273 1216 3326 erat
1238 3283 1298 3346 per
1319 3263 1463 3328 eundem

357 3366 544 3452 Symonem
564 3375 598 3431 et
620 3378 748 3450 patrem
770 3367 842 3432 eius
864 3366 991 3431 Lucam
1008 3366 1155 3431 alienata
1169 3377 1203 3432 et
1219 3365 1357 3431 uendita
1371 3365 1462 3449 quod

355 3471 469 3537 balliui
497 3473 618 3537 Prioris
644 3471 839 3536 nesciebant
866 3471 922 3535 ubi
949 3472 1059 3555 ipsum
1086 3471 1286 3553 distringere
1315 3476 1463 3555 possent.

356 3575 508 3658 Rogatus
529 3595 609 3640 uero
629 3576 718 3639 idem
741 3576 870 3660 Symon
893 3573 1083 3658 frequenter
1102 3576 1193 3658 quod
1209 3575 1336 3638 dictum
1353 3575 1467 3645 reddi-⁴

354 3689 426 3744 tum
449 3678 593 3744 solueret
614 3680 787 3764 respondit
807 3700 844 3744 se
864 3679 993 3744 nullum
1014 3689 1245 3745 tenementum
1267 3689 1381 3744 tenere
1401 3699 1462 3762 pro

353 3804 421 3866 quo
447 3794 508 3848 etc.
554 3784 594 3848 In
622 3783 740 3848 itinere
762 3803 843 3848 uero
865 3783 1123 3864 justitiariorum
1151 3783 1274 3848 timens
1300 3783 1380 3866 pelli
1402 3803 1462 3847 sue

353 3897 473 3971 sponte
494 3888 586 3952 uenit
607 3888 649 3952 ad
672 3887 829 3965 Priorem,
844 3908 911 3952 non
932 3888 1156 3952 summonitus
1172 3908 1233 3952 nec
1248 3887 1461 3966 attachiatus,

188 3995 340 4089 &2232ss
352 4003 386 4056 et
407 3991 601 4074 recognouit
622 3992 799 4067 redditum,
814 4001 849 4055 et
869 3990 982 4074 posuit
1004 3991 1150 4055 Priorem
1166 3992 1200 4055 in
1216 3993 1349 4074 seysina
1365 3990 1460 4073 .xvj.

187 4095 316 4140 ‘h‘fflffi
351 4095 573 4172 denariorum,
588 4105 622 4159 et
638 4096 716 4159 iecit
731 4097 761 4160 ei
778 4094 983 4160 fidelitatem.
1021 4095 1067 4159 Et
1081 4094 1125 4158 de
1141 4115 1231 4159 nouo
1245 4115 1282 4158 se
1296 4094 1460 4178 obligauit

350 4221 410 4285 per
429 4211 556 4266 cartam
578 4220 673 4265 suam
695 4211 729 4264 et
744 4200 884 4265 heredes
899 4221 978 4264 suos
993 4200 1026 4262 in
1043 4209 1241 4282 perpetuum
1258 4201 1301 4263 ad
1318 4199 1459 4263 solucio-

398 4353 408 4386 ²
425 4353 481 4403 The
497 4367 571 4402 name
588 4351 618 4402 of
632 4351 680 4402 this
697 4352 777 4418 place,
791 4367 849 4402 now
860 4352 1007 4417 Arrington.
1019 4351 1041 4400 is
1052 4351 1118 4416 speit
1130 4351 1304 4416 Emingetone
1315 4350 1341 4400 iu
1353 4350 1460 4400 Domes-

347 4438 397 4504 day
409 4438 459 4487 and
471 4438 514 4488 the
526 4437 614 4488 Grend
628 4435 788 4500 Inquisition‚
800 4436 830 4486 oi
836 4435 920 4486 which
931 4435 1074 4500 Amigtone
1084 4434 1106 4484 is
1116 4450 1132 4483 a
1143 4433 1296 4498 corruption.
