3234 5059
159 381 192 483 1]
396 385 457 482 Of
475 384 536 458 the
563 384 703 460 Priors
726 385 807 457 and
830 382 932 457 their
957 392 1033 456 acts
1220 400 1265 475 73

364 646 413 715 50.
459 632 512 698 De
534 631 675 715 Symone
696 630 816 696 Priore
836 631 876 697 de
895 628 1072 695 Asscellis¹.

226 805 390 889 Magister
414 804 543 888 Symon
568 806 612 870 de
634 802 793 868 Asscellis
813 804 972 869 successit
997 802 1037 877 ei,
1059 801 1109 867 vir
1132 799 1266 884 quidem
1282 809 1423 901 mm

161 928 284 992 magne
313 908 507 991 eloquencie
536 916 570 971 et
600 906 779 970 eminentis
808 906 1000 971 litterature
1056 905 1147 968 Dum
1178 902 1265 967 enim
1281 909 1397 1001 Amwffie

161 1023 232 1076 erat
262 1014 294 1076 in
325 1012 443 1076 habitu
473 1012 622 1089 seculari,
653 1012 809 1076 nobiliter
838 1012 926 1075 rexit
957 1010 991 1074 in
1021 1011 1148 1075 artibus
1178 1008 1266 1092 apud
1282 1009 1419 1101 {2223ss

161 1114 344 1192 Oxoniam,
359 1122 393 1178 et
413 1135 569 1198 processu
590 1115 751 1198 temporis
772 1114 879 1178 iactus
900 1113 1085 1178 iurisciuilis
1104 1111 1269 1196 professor
1282 1120 1340 1162 ¹²⁹⁷·

161 1220 250 1304 apud
273 1218 532 1303 Cantebrigiam.
578 1220 745 1301 Tempore
767 1216 949 1281 Rostandi’
963 1226 1034 1282 erat
1055 1216 1268 1300 negociorum

161 1323 267 1387 crucis
294 1321 418 1387 Christi
444 1330 615 1398 executor,
636 1330 679 1396 et,
702 1329 842 1385 vacante
865 1321 953 1399 sede,
976 1341 1020 1384 ex
1046 1330 1141 1404 parte
1165 1320 1269 1401 Regis

162 1437 274 1492 custos
300 1427 620 1511 Archiepiscopatus
649 1426 878 1502 Eboracensis‚
905 1436 939 1493 et
966 1426 1052 1491 inter
1081 1428 1173 1511 regni
1204 1426 1269 1510 pri·

162 1541 270 1595 mates
294 1532 447 1615 cognitus
473 1541 508 1595 et
534 1530 724 1594 honoratus.
772 1530 867 1593 ldem
891 1531 1050 1612 magister
1073 1530 1201 1613 Symon
1227 1530 1269 1594 de

163 1634 316 1710 Ascellis,
328 1644 366 1699 ut
381 1634 502 1698 lorcior
516 1632 611 1697 fieret
626 1632 820 1698 infirmitate
835 1632 948 1697 ualida
963 1642 1142 1715 correptus,
1153 1632 1269 1697 habitu
1283 1634 1300 1683 s·
1315 1634 1370 1695 25b

162 1739 398 1803 canonicorum
422 1738 622 1821 regularium
645 1748 697 1803 est
717 1738 868 1813 uestitus
883 1747 917 1801 et
937 1736 980 1801 de
1002 1736 1189 1820 egritudine
1212 1758 1271 1820 per

162 1844 217 1909 dei
243 1846 390 1927 graciam
416 1843 663 1921 conualescens,
687 1844 797 1908 adhuc
825 1843 960 1926 quidem
983 1844 1141 1921 nouicius,
1165 1842 1270 1907 estin

162 1948 273 2025 choro,
303 1948 451 2032 capitulo
486 1958 520 2013 et
556 1947 739 2024 refectorio,
770 1968 815 2012 ex
846 1958 941 2031 parte
970 1948 1161 2032 subprioris,
1186 1948 1272 2012 inter

163 2055 308 2118 seniores
331 2064 430 2137 prout
453 2052 565 2117 decuit
589 2064 777 2118 reuerenter
799 2052 996 2119 installatus.
1042 2055 1174 2119 Deinde
1197 2076 1271 2139 pro-

163 2156 268 2222 fessus
283 2168 316 2222 et
329 2157 492 2240 presbiter
502 2156 685 2233 ordinatus,
698 2156 745 2221 ita
760 2155 937 2234 humiliter,
949 2167 1087 2234 mature,
1098 2157 1272 2235 socialiter,

163 2269 198 2324 et
220 2259 343 2324 deuote
366 2260 399 2323 in
423 2259 579 2323 omnibus
603 2258 749 2322 motibus
771 2260 840 2322 suis
862 2280 898 2323 se
920 2259 1075 2335 habebat,
1091 2262 1181 2344 quod
1205 2279 1270 2323 non

163 2375 296 2429 tanturn
325 2364 472 2448 prelatus
501 2374 536 2429 et
565 2365 720 2441 seniores,
743 2364 803 2428 sed
830 2364 936 2429 eciam
961 2364 1102 2447 quilibet
1125 2366 1169 2430 de
1194 2387 1272 2431 con-

165 2478 270 2532 uentu
286 2469 329 2532 de
344 2468 414 2531 eius
431 2467 689 2531 conuersacione
703 2467 884 2549 gaudebat.
933 2468 1012 2551 lpso
1024 2470 1160 2552 quidem
1177 2472 1224 2535 sic
1236 2492 1272 2535 se

163 2584 308 2657 gerente,
328 2584 363 2639 et
383 2574 522 2637 domino
541 2573 664 2655 Jolano
685 2572 835 2649 cedente,
850 2573 976 2637 electus
997 2584 1048 2639 est
1069 2575 1101 2638 in
1126 2576 1271 2643 Priorem

163 2677 334 2741 communi
365 2676 516 2739 omnium
548 2674 730 2739 uoluntate.
787 2673 976 2758 Episcopus
1007 2696 1086 2741 uero
1117 2677 1273 2761 Elyensis

163 2784 252 2847 bone
268 2782 428 2845 memorie
446 2780 550 2864 Hugo
565 2782 609 2844 de
622 2779 824 2854 Balesham¹,
837 2781 929 2844 cuius
942 2790 1021 2846 tunc
1033 2792 1104 2847 erat
1115 2782 1274 2861 officialis,

165 2888 311 2951 eundern
337 2886 534 2968 magistrum
560 2883 745 2967 Symonem
768 2904 845 2948 curn
869 2886 992 2968 gaudio
1015 2889 1169 2971 suscepit,
1185 2899 1219 2953 et
1239 2890 1272 2952 in

163 2990 310 3055 Priorem
342 2987 534 3071 monasterij
562 2988 606 3051 de
633 2988 835 3052 Bernewelle
864 2989 1129 3071 gratulabundus
1155 2991 1272 3056 confir·

164 3094 279 3159 mauit
324 3093 371 3157 Et
402 3092 575 3157 sciendum
606 3093 697 3176 quod
727 3092 838 3157 dictus
869 3094 1029 3177 magister
1059 3095 1188 3180 Symon
1219 3098 1273 3162 die

164 3199 395 3265 translacionis
417 3198 524 3261 sancti
547 3198 746 3280 Augustini‘
768 3199 919 3261 canonici
943 3200 1094 3264 habitum
1118 3203 1274 3287 suscepit,

163 3312 198 3365 et
214 3302 333 3365 eodem
348 3299 413 3378 die,
424 3301 540 3364 decem
556 3298 653 3362 annis
669 3297 822 3375 euolutis,
834 3299 960 3363 electus
975 3310 1026 3363 est
1042 3300 1076 3363 in
1093 3303 1273 3381 Pastorem,

164 3416 200 3470 et
226 3403 415 3468 installatus
440 3401 496 3466 die
521 3403 628 3467 sancti
653 3402 746 3466 Luce
772 3402 993 3485 euangeliste⁵
1015 3424 1074 3486 per
1100 3404 1272 3472 dominum

165 3510 437 3575 archidiaconum
464 3507 655 3590 Elyensem.

231 3615 316 3699 [lste
331 3615 420 3699 prior
436 3614 565 3697 Symon
583 3613 725 3677 multum
743 3614 829 3677 inter
844 3612 979 3677 clericos
994 3613 1176 3679 honoratus
1192 3616 1273 3681 suit·
1290 3615 1405 3666 ΜΨ*

1266 3667 1274 3695 ’
1288 3665 1351 3707 atter

167 3732 268 3806 atque
299 3722 332 3784 in
363 3718 511 3802 capitulo
540 3717 685 3801 generali
717 3717 907 3801 frequenter
936 3721 1131 3802 predicauit,
1154 3734 1189 3787 et
1213 3724 1274 3787 sre—
1288 3715 1363 3807 {332⁰
1381 3764 1430 3805 fi„

165 3836 306 3910 quenter
327 3845 413 3887 unus
427 3824 672 3907 presidencium
693 3824 819 3889 electus
841 3825 910 3890 suit.
959 3826 998 3889 ln
1021 3826 1173 3891 Prioratu
1196 3850 1275 3893 uero
1288 3815 1438 3917 2232&

217 3961 227 3993 1
244 3959 792 4025 lanap.261hiswordisspellAschele.
1289 3926 1347 3968 ¹²⁹⁷'

216 4040 228 4071 ⁸
244 4041 367 4100 Rustaud,
377 4055 393 4089 a
403 4040 513 4100 Gascon,
524 4055 576 4088 was
586 4047 641 4089 sent
652 4056 680 4089 as
691 4040 772 4105 legate
783 4049 811 4090 to
824 4041 940 4106 Euglaud
953 4042 986 4106 by
995 4042 1065 4107 Pope
1076 4044 1220 4094 Alexander
1229 4044 1275 4093 lV.

165 4127 194 4176 in
209 4137 280 4189 1255,
292 4124 353 4174 witb
363 4123 499 4174 directions
514 4129 542 4173 to
555 4122 659 4173 absolve
670 4122 713 4173 the
727 4122 798 4187 King
807 4123 872 4173 from
883 4124 922 4173 his
933 4125 1066 4190 crusading
1076 4142 1140 4186 νον,
1154 4128 1275 4192 provided

165 4208 199 4257 he
208 4206 292 4256 would
303 4204 388 4254 march
396 4202 458 4253 with
469 4219 502 4253 an
513 4219 584 4268 army
591 4203 646 4253 into
655 4202 750 4268 Apulia
760 4204 858 4269 against
871 4204 995 4265 Manired,
1006 4221 1052 4255 son
1063 4206 1092 4255 os
1100 4206 1141 4256 the
1154 4208 1277 4273 Emperor

167 4288 303 4339 Frederick
315 4288 353 4337 11.
388 4286 479 4337 Mattb.
495 4287 573 4344 Paris,
588 4286 712 4336 Chronica
723 4288 826 4351 Majora
840 4286 922 4351 (Rolls
934 4288 1000 4349 Ser.)
1013 4300 1039 4336 v.
1054 4303 1109 4353 519.

216 4369 227 4401 ⁸
244 4372 291 4422 See
303 4372 391 4430 above,
405 4370 487 4434 Chap.
499 4386 540 4435 49,
555 4376 615 4419 note.

216 4454 227 4486 ⁴
243 4454 427 4518 sseptember.
694 4452 706 4484 ⁸
725 4456 754 4503 18
766 4453 886 4505 October.
