3234 5059
176 342 220 442 11]
598 344 639 417 in
664 346 726 419 the
750 346 853 420 Fair
1229 354 1278 443 89

174 528 250 593 dam
274 550 398 614 equum
425 529 587 607 venalem,
611 528 738 594 scilicet
764 532 935 613 quandam
960 531 1149 615 jumentam
1175 553 1277 617 quam
1290 552 1424 647 qima

174 632 298 697 iuratus
321 634 435 698 iuerat
481 634 585 698 Venit
607 634 743 716 quidam
766 636 916 713 villanus,
935 647 970 701 et
993 637 1128 701 nomine
1150 638 1277 701 domim
1291 653 1414 747 {mm

173 738 220 801 sui
248 738 488 822 calumpniauit
514 758 638 820 equum
670 738 771 802 illum.
819 740 919 823 Quod
951 750 988 804 ut
1017 741 1192 825 perpendit
1223 741 1414 806 illewhienhe

174 841 256 905 latro
280 841 414 925 reliquit
439 862 562 925 equum
590 851 625 905 et
652 840 737 924 fugit
761 862 866 925 usque
892 843 925 908 in
954 844 1140 922 Bouariam,
1166 846 1278 929 ibique
1290 804 1412 959 fflli'el‘
1414 816 1430 847 ⁰

174 944 364 1009 morabatur
384 956 545 1030 tanquam
566 946 600 1009 in
620 945 769 1022 ecclesia,
784 947 863 1030 quia
879 958 950 1013 erat
966 948 1050 1013 infra
1066 970 1186 1014 muros.
1232 950 1279 1015 Et
1351 935 1358 948 ⁸

173 1047 250 1130 quia
276 1048 408 1113 dicebat
432 1050 523 1131 quod
549 1048 654 1112 uoluit
676 1070 713 1113 se
735 1058 848 1114 tenere
871 1052 913 1115 ad
939 1052 1117 1116 tuicionem
1142 1052 1279 1117 ecclesie

172 1164 294 1230 sancte,
311 1155 495 1220 ducebatur
516 1176 621 1238 usque
640 1156 673 1217 in
690 1155 854 1238 capellam
871 1155 987 1221 Sancti
1004 1156 1150 1234 Andree‚
1167 1158 1278 1241 ibique

172 1257 363 1321 morabatur
384 1280 452 1342 quo
477 1278 582 1341 usque
604 1257 771 1321 abiurauit
793 1266 914 1321 terram
939 1258 1071 1341 Anglie.
1118 1259 1218 1323 Vnde
1244 1261 1277 1323 in

172 1360 281 1423 rotulo
303 1361 507 1425 coronatoris
530 1359 747 1424 inrotulatum
770 1370 842 1424 erat
869 1360 950 1424 illud
975 1360 1099 1424 lactum
1123 1362 1190 1425 sic:
1220 1362 1277 1444 Jo-

171 1463 298 1528 hannes
320 1464 362 1529 de
386 1464 606 1529 Mendesham
631 1462 717 1527 filius
742 1462 899 1527 Willelmi
922 1464 965 1526 de
991 1463 1212 1529 Mendesham
1235 1467 1278 1530 de

172 1570 333 1633 comitatu
361 1568 551 1645 Suflolchie,
577 1568 706 1651 fugiens
732 1569 776 1632 ad
799 1568 974 1633 ecclesiam
1000 1569 1116 1635 Sancti
1141 1570 1277 1635 Andree

171 1676 214 1739 de
245 1676 455 1753 Bernewelle,
478 1676 534 1740 die
565 1674 751 1739 natiuitatis
782 1675 898 1740 Sancti
922 1675 1085 1759 Johannis
1117 1677 1277 1761 Baptiste,

171 1802 260 1845 anno
276 1781 368 1863 regni
385 1781 489 1863 Regis
502 1781 658 1845 Edwardi
670 1780 827 1857 secundo,
840 1782 1035 1863 recognouit
1046 1783 1136 1864 quod
1152 1782 1277 1847 iuratus

171 1885 232 1950 luit
252 1887 433 1969 quemdam
455 1906 578 1969 equum
600 1885 642 1949 ad
665 1885 894 1949 molendinum
918 1886 960 1948 de
980 1885 1147 1950 Westone.
1196 1886 1277 1951 ldeo
1289 1898 1307 1949 1.
1325 1900 1385 1964 31b

171 1990 337 2053 abiurauit
357 1999 479 2054 terram
496 1991 622 2073 Anglie
643 1993 825 2054 secundum
848 1992 986 2054 assisam
1009 1993 1109 2073 regni.
1157 1992 1277 2055 Postea

172 2095 264 2158 uenit
287 2095 455 2177 predictus
475 2093 619 2157 villanus
640 2114 716 2157 curn
739 2103 868 2177 septem
893 2094 1054 2177 legalibus
1078 2096 1277 2172 hominibus,

170 2199 227 2281 qui
248 2198 345 2261 iurati
367 2207 401 2261 et
421 2199 606 2261 examinati
622 2197 779 2261 dicebant
794 2218 894 2281 super
912 2208 1157 2262 sacramentum
1178 2219 1276 2263 suum

170 2302 261 2385 quod
292 2322 397 2384 equus
428 2301 490 2365 fuit
520 2300 661 2384 predicti
691 2300 824 2377 villani;
853 2309 888 2364 et
917 2301 965 2364 sic
995 2301 1056 2366 luit
1087 2301 1141 2366 ille
1172 2323 1277 2386 equus

170 2405 320 2487 predicto
331 2404 455 2469 villano
467 2405 632 2468 liberatus.
666 2404 816 2467 Precium
829 2405 905 2487 equi
918 2425 977 2487 per
988 2403 1112 2488 legales
1124 2405 1275 2470 homines

169 2510 362 2573 estimatum
385 2510 429 2574 ad
454 2508 601 2592 quinque
625 2506 757 2571 solidos.
804 2507 851 2570 Et
875 2517 954 2572 tunc
983 2509 1059 2573 iecit
1086 2509 1195 2573 dictus
1218 2509 1276 2573 vil-

168 2612 264 2676 lanus
295 2614 504 2676 securitatem
532 2613 622 2695 quod
649 2612 677 2674 si
707 2611 829 2673 domus
859 2612 903 2676 de
934 2612 1134 2676 Bemewelle
1164 2612 1276 2697 aliquo

168 2726 320 2799 tempore
335 2718 520 2799 dampnum
536 2716 689 2792 incurrat,
701 2715 754 2777 uel
767 2715 997 2780 occasionetur
1012 2718 1143 2781 racione
1159 2716 1274 2782 libera-

168 2821 274 2885 cionis
289 2821 370 2886 dicti
386 2822 473 2905 equi,
486 2821 575 2903 quod
593 2818 808 2901 respondebit
824 2821 866 2883 de
882 2820 1031 2904 dampno
1047 2831 1081 2886 et
1096 2824 1253 2905 expensis
1266 2843 1274 2901 ;

167 2936 202 2991 et
227 2928 356 2991 inuenit
380 2928 465 2989 duos
491 2922 708 2999 fideiussores,
732 2923 888 2988 videlicet
911 2924 1085 2989 dominum
1110 2926 1274 2992 Constan-

168 3031 276 3095 tinum
301 3039 336 3093 et
361 3029 535 3093 dominum
564 3026 751 3091 Gallridum
778 3027 969 3112 capellanos
993 3030 1050 3113 qui
1074 3040 1153 3095 tunc
1177 3040 1273 3095 erant

168 3134 343 3200 domestici
362 3134 489 3197 Prioris.

167 3454 219 3515 28.
264 3451 315 3513 De
339 3448 535 3511 contenctbne
561 3447 648 3511 inter
670 3446 823 3512 Priorem
845 3458 877 3511 et
897 3447 1046 3513 Balliuus
1070 3448 1275 3533 Cantebn'gie

301 3565 366 3636 pro
386 3550 515 3616 catullus
527 3552 677 3633 sclonum
702 3551 736 3615 in
750 3550 846 3633 seria
868 3551 906 3613 de
927 3550 1127 3617 Bemwelle.

232 3760 381 3845 Quidam
409 3770 571 3824 mercator
599 3757 690 3823 uenit
715 3758 759 3822 ad
784 3756 899 3821 seriam
923 3757 965 3821 de
989 3756 1380 3871 13111111111611ε(ῆι-ξιοὲῐιῖἇιΙ

166 3886 294 3953 ponens
311 3885 362 3929 res
377 3885 454 3927 suas
470 3863 615 3941 uenales,
626 3862 781 3926 videlicet
795 3861 939 3938 cultella,
951 3862 1150 3938 cerothecaS,
1162 3882 1272 3938 zonas
1285 3879 1427 3973 grimald

165 3982 201 4035 et
216 3969 416 4045 huiusmodi,
431 3978 466 4033 et
481 3968 614 4031 nemine
630 3986 706 4029 eum
724 3978 944 4049 persequente
958 3968 1021 4031 sibi
1037 3968 1100 4050 ipsi
1121 3968 1272 4030 conscius
1285 3977 1348 4070 {rqn
1357 3980 1400 4023 the

166 4076 279 4158 sugam
312 4074 394 4155 inijt,
422 4081 455 4136 et
482 4092 533 4135 res
563 4090 640 4133 suas
671 4072 743 4134 sine
771 4071 911 4135 custode
941 4070 1125 4155 dereliquit
1171 4070 1270 4153 Quod
1284 4041 1435 4174 {gqg’gqqgf-

166 4178 375 4263 perpendens
412 4174 561 4239 Balliuus
598 4173 719 4237 Prioris
754 4173 833 4237 lecit
866 4194 924 4257 per
953 4176 1060 4238 visum
1091 4173 1270 4256 proborum
1284 4178 1422 4274 mma

166 4284 339 4347 hominum
370 4282 459 4345 bona
489 4280 561 4362 ipsa
591 4278 794 4362 complicari,
816 4289 850 4343 et
875 4280 907 4341 in
935 4276 1393 4374 Ρ11ο111111111(1(,·1(1111.ξξξ,·;111

168 4388 335 4452 Robertus
370 4384 495 4466 Tuylet
529 4392 610 4447 tunc
641 4383 751 4446 Maior
782 4381 994 4465 Cantebrigie
1024 4380 1121 4465 petijt
1151 4382 1271 4447 catalla
1284 4392 1389 4476 ἢ
