3234 5059
175 364 231 461 vr]
492 366 687 439 Hunclred
708 366 756 463 os'
774 361 952 438 Flendzklz
1216 370 1286 456 263

179 561 271 618 tenet
301 556 334 617 in
366 554 550 631 Swaiham‚
581 553 749 630 Carleton,
780 552 969 628 Balesham,
995 562 1029 616 et
1062 551 1289 635 Badburham‚

179 655 315 722 feodum
342 658 370 741 .j.
398 658 513 722 militis
540 668 574 722 et
600 658 738 722 terciam
770 666 900 740 partem
931 656 1021 721 feodi
1048 656 1077 738 .j.
1105 656 1220 720 militis
1246 658 1290 719 de

179 760 279 827 feodo
301 762 506 845 Hardewyni
527 761 584 845 [de
605 761 784 844 Scalariis].
833 759 928 823 Idem
952 758 1172 843 B[aldwinus]
1188 758 1289 823 debet

179 865 208 948 .j.
235 877 360 931 sectam
391 877 424 931 et
455 867 497 931 de
528 867 655 931 auxilio
682 865 890 930 vicecomitis
920 864 1022 946 .xviij.
1049 864 1203 929 denarios
1230 884 1289 948 per

179 990 314 1034 annum.
360 970 490 1035 Ibidem
514 980 592 1034 sunt
614 970 677 1052 .vij.
700 969 778 1033 hide
801 979 888 1033 terre
909 967 1094 1051 geldabiles
1116 977 1151 1031 et
1171 968 1225 1050 iij.
1245 969 1289 1033 de

180 1074 346 1140 libertate¹
371 1076 517 1159 Elyensi.
565 1075 653 1139 Clai.

390 1377 593 1441 Hundrea'us
614 1376 652 1441 dc
673 1374 855 1439 Flenudich
878 1375 1076 1459 [Flendish].
1273 1462 1277 1469 Ι

251 1533 281 1595 T
278 1532 460 1597 euereslram
498 1530 739 1616 [Teversham].
784 1531 973 1595 Willelmus
1009 1533 1053 1596 de
1090 1531 1287 1597 Warbelton

183 1643 273 1697 tenet
306 1634 358 1715 .iij.
394 1634 490 1699 hidas
528 1645 562 1698 et
599 1634 773 1698 dimidiam
812 1632 855 1695 de
892 1632 1017 1697 honore
1056 1634 1287 1699 Richmondie.

182 1738 312 1803 Ibidem
329 1740 487 1803 Warinus
503 1739 731 1803 Torchenesse
752 1748 787 1802 et
804 1737 969 1803 Radulfus
990 1738 1158 1823 Matefrey
1173 1751 1289 1806 tenent

180 1841 209 1924 .j.
225 1842 340 1908 hidam
361 1852 395 1906 et
414 1842 444 1924 .j.
460 1844 623 1924 virgatam
647 1853 733 1906 terre
753 1841 931 1925 geldabilis
951 1841 994 1905 de
1014 1842 1139 1907 honore
1160 1845 1288 1920 eodem,

180 1956 215 2011 et
230 1946 355 2011 debent
369 1946 399 2029 .j.
415 1956 551 2025 sectam,
559 1956 594 2011 et
605 1948 648 2012 de
660 1946 788 2010 auxilio
800 1947 1005 2009 vicecomitis
1017 1948 1118 2011 .xxrl.
1157 1948 1288 2011 ibidem

183 2050 350 2116 Robertus
366 2051 455 2116 dele
476 2052 609 2116 Maner’
629 2060 721 2115 tenet
741 2050 772 2132 .j.
788 2051 904 2116 hidam
927 2060 1013 2115 terre
1028 2052 1230 2133 geldabilem
1246 2052 1289 2117 de

180 2158 338 2241 episcopo
363 2158 512 2241 Elyensi,
532 2167 567 2221 et
589 2157 691 2222 debet
713 2156 743 2238 .j.
766 2166 903 2234 sectam,
924 2167 959 2220 et
983 2158 1026 2221 de
1050 2157 1177 2222 auxilio
1203 2158 1288 2222 vice·

181 2263 313 2325 comitis
335 2261 417 2344 .vj.d.
533 2286 534 2291 ¹

245 2366 413 2430 Fulburne
428 2364 636 2449 [Fulbourn].
680 2366 864 2429 Nicholaus
879 2364 922 2428 de
939 2365 1034 2429 Bello
1050 2366 1182 2449 Campo
1198 2377 1290 2431 tenet

181 2468 317 2534 feodum
333 2469 463 2535 dimidii
485 2470 598 2533 militis
619 2470 662 2533 de
682 2469 821 2533 domino
843 2469 937 2551 Rege
958 2470 991 2532 in
1007 2471 1125 2553 capite,
1141 2480 1175 2534 et
1190 2470 1291 2535 debet

183 2686 267 2739 terre
297 2676 487 2759 geldabiles.
536 2675 665 2739 ibidem
699 2674 867 2739 Walterus
891 2676 934 2739 de
965 2676 1101 2740 Maners
1130 2688 1223 2742 tenet
1248 2679 1290 2742 de

183 2781 341 2863 episcopo
372 2780 519 2863 Elyensi‚
544 2788 579 2843 et
609 2780 739 2843 solebat
768 2778 876 2842 iacere
905 2789 1040 2857 sectam,
1063 2791 1098 2844 et
1123 2781 1224 2846 debet
1248 2784 1291 2846 de

183 2884 310 2947 auxilio
326 2884 529 2947 vicecomitis
545 2882 610 2964 ijs.
626 2882 709 2959 .x.d.‚
722 2891 756 2946 et
772 2892 866 2946 tenet
880 2883 933 2965 iij.
946 2884 1042 2948 hidas
1058 2906 1123 2967 que
1138 2886 1292 2950 solebant

183 3008 255 3051 esse
291 2987 482 3070 geldabiles.
531 2987 661 3050 Ibidem
700 2987 854 3069 Rogerus
891 2988 923 3051 la
961 2988 1074 3053 Zuche
1110 3000 1202 3054 tenet
1233 3011 1292 3073 per

182 3091 353 3173 socagium
376 3100 410 3153 et
433 3089 534 3152 debet
557 3088 627 3173 [de]
651 3089 779 3153 auxilio
797 3091 1003 3154 vicecomitis
1025 3092 1054 3173 .j.
1078 3113 1224 3157 marcam
1248 3095 1290 3158 de

183 3196 309 3258 honore
344 3194 575 3258 Richmondie.
638 3194 769 3259 lbidem
808 3196 999 3260 Willelmus
1036 3196 1124 3261 filius
1161 3200 1288 3264 Warini

182 3310 274 3364 tenet
301 3300 436 3363 feodum
467 3300 596 3363 dimidii
623 3300 736 3363 militis
763 3301 805 3364 de
834 3300 968 3365 Comite
992 3302 1112 3366 Essex.
1151 3304 1289 3367 Hamon

184 3508 382 3572 Marescallo
405 3527 463 3590 per
485 3509 665 3590 socagium.

248 3612 392 3677 Hintone
425 3611 567 3695 [Cherry
604 3612 758 3696 Hinton].
804 3612 936 3676 Alanus
972 3614 1015 3677 de
1050 3613 1162 3678 Neuill
1196 3626 1289 3680 tenet

184 3716 318 3780 feodum
356 3716 385 3798 .j.
424 3715 538 3779 militis
576 3715 618 3779 de
654 3716 780 3778 honore
817 3716 860 3779 de
899 3716 1099 3782 Richmond.
1158 3718 1289 3785 Ibidem

182 3820 396 3904 J[ohannes]³
426 3819 512 3883 filius
545 3821 683 3883 Henrici
718 3829 811 3883 tenet
846 3819 981 3884 feodum
1014 3820 1145 3886 dimidii
1176 3825 1290 3889 militis

182 3924 226 3987 de
255 3926 373 3988 eodem
406 3925 538 3988 honore.
599 3924 688 3987 Tota
717 3924 795 3987 villa
827 3925 928 3989 debet
958 3924 987 4007 .j.
1018 3936 1154 4004 sectam,
1184 3938 1218 3992 et
1247 3930 1290 3994 de
1324 3935 1334 3997 i

182 4028 310 4093 auxilio
333 4028 536 4092 vicecomitis
559 4028 633 4110 viij.
657 4028 789 4091 solidos

412 4183 491 4245 ¹nb’‚
507 4186 564 4235 ns.

411 4266 421 4296 ²
440 4268 564 4317 Robertns
574 4267 607 4316 de
620 4266 748 4317 Maneriis.

410 4348 421 4379 ¹
439 4351 487 4400 See
499 4349 542 4399 the
553 4360 658 4401 account
671 4350 699 4399 oi
708 4352 786 4400 Great
799 4350 963 4410 witteham,
979 4368 1004 4416 p.
1018 4349 1073 4401 262.
