3234 5059
370 386 438 458 232
579 365 682 439 How
706 366 768 439 tte
793 367 934 465 stlrop
960 369 1007 465 os
1025 368 1104 465 Ely
1128 368 1262 441 caused
1349 368 1470 467 [soon

366 549 554 604 Thesaurario
565 561 594 605 et
608 550 768 605 Camerario
782 552 818 606 de
830 553 974 606 scaccario
986 564 1084 606 nostro
1096 552 1222 623 predicto
1234 552 1387 608 liberantis
1427 554 1470 607 De

291 634 310 684 f·
322 637 354 699 89
367 654 422 708 qua
438 640 556 708 pecunie
573 654 684 693 summa
702 638 778 709 ipsos
798 640 923 694 Priorem
942 652 970 694 et
989 650 1160 694 conuentum
1178 657 1276 695 versus
1288 657 1471 711 quoscunque

367 725 533 796 indempnes
546 726 674 781 volumus
687 742 864 781 consenrare.

422 815 454 867 ln
467 815 546 869 cuius
560 814 598 869 rei
612 814 805 869 testimonium
823 816 876 869 bas
888 816 996 871 litteras
1006 826 1117 870 nostras
1130 814 1189 868 fieri
1203 814 1321 869 lecimus
1334 825 1470 884 patentes.

366 902 452 955 Teste
473 901 624 956 venerabili
642 911 721 971 patre
743 902 886 956 Willelmo
906 903 1079 957 bathonensi
1098 912 1127 956 et
1146 903 1282 955 wellensi
1304 902 1470 973 Episcopo¹‚

366 990 539 1044 thesaurario
552 1000 657 1057 nostro,
670 991 745 1061 apud
758 992 1044 1046 Westmonasterium
1057 990 1146 1059 axvij.
1159 989 1206 1044 die
1225 990 1290 1061 Julij
1304 1008 1379 1045 anno
1392 992 1471 1061 regni

366 1076 454 1133 nostri
463 1078 600 1133 vicesimo
613 1079 747 1134 secundo.

524 1368 575 1434 45.
620 1352 752 1418 Littera
773 1363 946 1417 conuentus
967 1374 1107 1416 cmrccrsa
1129 1354 1311 1417 vicecomiti.

202 1496 354 1597 ξξξῐξξξι,
434 1502 478 1565 Et
501 1502 672 1566 sciendum
694 1500 783 1584 quod
800 1500 984 1564 vicecomes
1007 1500 1096 1583 cepit
1116 1502 1299 1581 prioratum
1318 1510 1467 1563 nostrum

202 1597 348 1697 ξξῗῗῃξξ..
367 1604 399 1668 in
424 1626 524 1669 manu
550 1607 653 1689 Regis
675 1606 729 1669 die
747 1607 877 1668 veneris
899 1615 978 1669 ante
1001 1605 1121 1668 testum
1144 1616 1258 1668 sancte
1280 1604 1469 1685 Margarete

202 1697 330 1800 ζῗξζίψ
366 1710 526 1793 υἰτςίιιὶε’,
541 1721 575 1773 et
592 1708 766 1773 retradidit
781 1710 949 1793 seysinam
966 1710 1021 1773 die
1036 1711 1141 1773 sancti
1160 1710 1248 1773 Petri
1264 1710 1305 1772 ad
1322 1709 1470 1772 uincula³

192 1798 307 1893 Ἰᾖξ’,ῗὲἷῒ
366 1835 440 1878 cum
465 1814 620 1878 omnibus
645 1814 756 1878 medio
778 1824 930 1896 tempore
950 1816 1028 1878 inde
1048 1816 1222 1898 perceptis,
1237 1826 1271 1878 et
1292 1835 1391 1898 super
1406 1815 1468 1876 hoc

202 1897 352 1989 illidii?
367 1918 482 1983 habuit
495 1920 679 1983 vicecomes
691 1918 836 1983 litteram
851 1929 1019 2002 patentem
1033 1919 1143 2002 sigillo
1154 1918 1289 2002 capituli
1302 1920 1467 2001 signatam

201 1998 334 2099 iiiii-t,
364 2023 482 2086 eodem
500 2022 554 2086 die
569 2024 675 2087 sancti
699 2024 786 2087 Petri
807 2023 850 2087 ad
872 2024 1005 2087 uincula
1025 2024 1081 2108 qui
1098 2025 1239 2106 contigit
1253 2044 1295 2086 eo
1310 2044 1399 2087 anno
1414 2022 1468 2085 die

203 2108 259 2149 ¹²⁹*
364 2125 551 2203 dominica;
582 2137 616 2190 et
643 2124 704 2189 suit
732 2126 842 2189 littera
868 2125 1120 2208 cyrographus,
1144 2126 1232 2189 vnde
1261 2125 1365 2189 altera
1392 2144 1468 2207 pars

364 2232 523 2295 remansit
543 2233 639 2295 nobis
660 2230 770 2315 sigillo
790 2232 917 2294 domini
942 2230 1080 2294 Roberti
1102 2231 1144 2294 de
1166 2230 1237 2293 Len
1254 2232 1395 2313 signata,
1409 2230 1467 2311 qui

363 2348 434 2400 erat
446 2347 571 2413 custos;
586 2346 620 2400 et
635 2345 746 2420 potest
759 2337 823 2399 ista
835 2335 945 2399 littera
958 2335 1096 2398 inueniri
1109 2336 1195 2398 Inter
1205 2334 1468 2417 composiciones

363 2442 395 2504 in
412 2442 495 2505 cista
510 2451 674 2506 cartarum
691 2442 717 2505 si
734 2461 869 2505 necesse
885 2439 992 2505 fuerit.

386 2750 435 2828 46.
484 2748 591 2815 Cama
612 2769 712 2830 quare
734 2747 806 2809 Rex
825 2746 960 2827 sepsiuit
973 2747 1161 2829 prioratum
1184 2746 1222 2809 dc
1244 2745 1442 2811 Berrrcwelle.

201 2881 321 2982 iflssvqffi‘
432 2894 626 2957 Memoriter
649 2903 699 2956 est
723 2892 931 2956 retinendum
955 2894 1046 2976 quod
1071 2892 1226 2954 dominus
1250 2891 1467 2975 W[illelmus]

199 2987 308 3073 ξὲἷῗξᾱῗο
321 2980 352 3023 ι’*
365 3000 541 3082 episcopus
569 2998 724 3080 Elyensis
748 2996 808 3059 tuit
832 3017 933 3059 causa
954 3016 1091 3059 mouens
1112 3018 1213 3079 quare
1239 2996 1404 3061 Prioratus
1426 2999 1468 3060 de

366 3103 566 3167 Bernewelle
590 3114 707 3185 captus
733 3102 793 3165 suit
825 3102 856 3165 in
889 3122 1007 3164 manus
1036 3101 1145 3182 Regis.
1194 3102 1285 3164 Prior
1313 3103 1400 3165 enim
1425 3103 1468 3166 de

366 3208 565 3272 Bernewelle
580 3206 761 3288 deputatus
783 3204 844 3268 luit
863 3205 1019 3269 collector
1037 3205 1167 3268 decime
1182 3206 1415 3287 temporalium
1433 3208 1466 3268 in

363 3314 557 3394 episcopatu
581 3311 716 3394 Elyensi
734 3310 872 3375 domino
890 3309 974 3391 Regi
991 3309 1159 3373 Edwardo
1174 3312 1216 3374 ad
1234 3331 1295 3374 sex
1310 3330 1417 3374 annos
1433 3312 1466 3374 in

363 3418 547 3481 subsidium
586 3429 670 3480 terre
708 3426 822 3479 sancte
859 3436 1024 3491 concesse,
1053 3426 1087 3479 et
1125 3417 1272 3498 pepercit
1308 3416 1467 3499 episcopo

363 3532 523 3604 tanquam
551 3520 646 3602 patri,
677 3540 743 3583 non
774 3520 862 3583 enim
896 3520 1002 3584 uoluit
1036 3519 1144 3602 ipsum
1174 3524 1467 3586 excommunicare

363 3628 448 3690 sicut
477 3636 511 3689 et
540 3634 669 3689 ceteros
707 3644 773 3688 non
808 3623 985 3699 soluentes,
1015 3626 1094 3707 quia
1131 3624 1306 3708 episcopus
1336 3647 1467 3709 semper
1524 3643 1526 3647 “

364 3731 512 3814 permisit
533 3752 569 3793 se
599 3730 787 3813 acquietare
809 3749 889 3811 erga
911 3749 1036 3794 omnes.
1085 3730 1123 3793 ln
1147 3732 1249 3794 tercio
1272 3751 1350 3795 uero
1376 3753 1466 3796 anno

363 3836 535 3900 mandauit
559 3856 617 3900 rex
640 3836 730 3918 quod
755 3844 827 3899 tota
850 3834 992 3917 pecunia
1013 3835 1057 3899 de
1080 3836 1184 3900 tribus
1207 3838 1303 3899 annis
1325 3837 1465 3901 collecta

364 3940 549 4004 mitteretur
571 3941 613 4004 ad
635 3940 848 4015 scaccarium,
866 3941 944 4023 quia
966 3938 1162 4005 imminebat
1184 3942 1246 4004 sibi
1266 3962 1385 4025 guerra
1406 3964 1466 4024 pro

364 4046 530 4109 Vasconia
550 4046 686 4128 perdita.
733 4046 778 4109 Et
798 4045 877 4127 quia
896 4046 1072 4127 episcopus
1094 4046 1248 4128 Elyensis
1271 4047 1313 4110 de
1336 4047 1466 4111 decima

362 4150 461 4214 trium
474 4169 636 4213 annorum
654 4150 761 4231 ipsum
779 4150 995 4233 contingente
1010 4150 1155 4214 debebat
1166 4151 1275 4213 adhuc
1288 4162 1466 4215 sexcentas

362 4256 471 4327 libras,
494 4276 554 4317 nec
577 4252 693 4317 habuit
717 4254 893 4337 pecuniam
917 4265 1078 4337 paratam,
1101 4254 1319 4339 W[illelmus]
1342 4257 1464 4320 Batho-

426 4424 435 4456 ¹
453 4426 501 4477 See
513 4425 601 4483 above,
614 4442 638 4492 p.
655 4442 710 4491 229.
900 4427 911 4458 ¹
931 4427 1036 4491 13July.
1238 4428 1249 4459 ⁸
1270 4443 1278 4477 r
1293 4430 1399 4494 August.
