3234 5059
178 348 232 446 lv]
439 349 488 443 os
504 352 544 424 S.
577 350 689 425 Clare
715 360 756 424 al
792 352 1027 427 Waterbeaclr
1211 380 1252 427 21
1260 378 1280 449 5

231 532 379 589 Uniuersis
402 534 506 591 Christi
531 535 663 591 fidelibus
688 546 834 606 presentes
855 536 963 592 litteras
985 538 1155 609 inspecturis
1174 540 1284 609 Gwydo
1298 546 1414 589 uowrne

175 620 302 678 officialis
321 623 490 679 venerabilis
505 624 594 695 patris
611 622 718 678 domini
737 624 872 679 Willelmi
889 624 934 680 dei
950 625 1047 695 gracia
1065 626 1197 694 Elyensis
1211 626 1284 697 epis·
1296 594 1440 689 imi?

174 708 236 779 copi
251 710 370 765 salutem
382 720 411 765 et
423 712 591 766 memoriam
604 711 644 767 rei
657 720 744 782 geste.
1296 696 1426 789 ffiffgg

229 798 300 851 Cum
318 816 407 869 nuper
422 798 526 854 nobilis
542 798 659 853 domina
676 798 816 869 Dyonisia
831 800 867 855 de
883 811 981 856 monte
994 800 1100 857 Caniso
1112 800 1141 856 in
1156 802 1283 858 manerio
1296 796 1446 889 ggflrffiff

174 903 227 940 suo
247 886 284 941 de
303 888 491 943 Waterbeche
513 887 644 957 Elyensis
662 889 818 956 dyoceseos
837 890 1042 946 monasterium
1061 890 1110 961 pia
1127 890 1282 946 deuocione
1296 903 1428 940 errectos·

175 976 233 1029 suis
261 976 419 1045 sumptibus
443 976 611 1045 fundauerit,
635 976 830 1045 construxerit,
855 988 884 1033 et
912 979 1089 1035 abbatissam
1117 988 1146 1033 et
1172 996 1282 1035 sorores
1295 946 1433 1040 ffiffi

174 1062 339 1119 minorissas
369 1063 475 1119 ordinis
507 1065 612 1120 Sancte
637 1065 719 1119 Clare
747 1066 919 1135 plantauerit
943 1066 972 1120 in
999 1066 1109 1134 eadem,
1133 1066 1282 1139 ipsumque
1295 1047 1446 1141 {fflffie

174 1150 331 1207 manerium
350 1169 433 1206 suum
451 1151 559 1207 eisdem
578 1151 720 1207 sororibus
742 1152 819 1207 dono
838 1163 975 1223 perpetuo
994 1151 1144 1209 contulerit
1163 1154 1200 1209 ad
1221 1170 1281 1208 sus·
1294 1160 1434 1250 affl·

173 1238 364 1295 tentacionem
385 1256 490 1307 earum,
507 1256 541 1295 ac
563 1238 695 1311 S[ymon]
715 1240 795 1295 Prior
816 1251 845 1296 et
866 1250 1023 1297 conuentus
1042 1242 1079 1297 de
1100 1242 1281 1309 Bernewelle,
1294 1249 1427 1300 insopor

174 1338 297 1383 rectores
313 1327 440 1383 eiusdem
457 1328 575 1383 ecclesie
592 1327 628 1383 de
644 1328 844 1395 Waterbeche,
861 1338 889 1384 et
907 1328 1111 1385 Constantinus
1128 1338 1281 1401 perpetuus
1293 1299 1353 1427 ξιξ

173 1414 293 1471 vicarius
315 1416 450 1483 eiusdem,
470 1432 501 1471 se
518 1433 583 1471 cum
603 1414 745 1470 instancia
762 1416 945 1486 opposuerint
965 1426 1065 1472 contra
1081 1415 1281 1472 fundacionem
1304 1411 1312 1425 ⁹
1341 1393 1355 1426 ²

173 1514 201 1558 et
214 1504 463 1560 conseruacionem
479 1504 534 1559 loci
550 1504 678 1575 predicti,
691 1514 850 1560 asserentes
863 1522 921 1559 non
934 1504 1078 1561 modicam
1089 1506 1226 1563 lesionem
1240 1504 1282 1561 eis

173 1600 201 1645 et
225 1591 344 1648 ecclesie
368 1610 418 1647 sue
441 1608 527 1663 posse
550 1602 579 1647 et
603 1592 707 1647 debere
736 1592 900 1662 contingere
929 1604 957 1648 et
983 1594 1042 1649 suis
1070 1594 1282 1651 successoribus

173 1680 323 1735 occasione
336 1680 471 1750 predicta,
482 1696 533 1751 per
545 1679 751 1735 subtractiones
762 1690 791 1735 et
803 1680 982 1736 retenciones
992 1681 1164 1738 minutarum
1176 1683 1281 1739 decim·

172 1784 253 1823 arum
275 1769 311 1823 de
332 1770 412 1837 lacte,
435 1769 538 1836 vitulis,
559 1767 649 1837 agnis,
675 1768 748 1836 lana,
768 1767 847 1835 ortis,
869 1769 969 1839 pomis,
988 1770 1192 1840 oblacionibus,
1215 1789 1280 1827 con·

171 1857 350 1925 sessionibus,
375 1868 403 1914 et
428 1857 491 1929 alijs
516 1857 553 1911 ad
581 1856 672 1926 ipsam
701 1857 852 1912 ecclesiam
880 1858 917 1913 de
941 1860 1130 1915 Waterbeche
1158 1861 1194 1915 de
1222 1860 1281 1916 iore

172 1946 313 1999 communi
338 1945 442 2001 debitis
466 1956 494 2000 et
519 1945 618 2000 solutis
642 1946 760 2016 pacifice
784 1946 960 2017 temporibus
985 1946 1139 2016 retroactis,
1163 1948 1280 2004 tandem

171 2034 207 2088 de
233 2033 351 2088 consilio
373 2034 460 2103 patris
484 2032 602 2103 predicti
625 2041 653 2087 et
675 2032 794 2087 aliorum
819 2033 975 2089 amicorum
997 2052 1097 2105 pacem
1119 2035 1231 2091 fidelem
1252 2046 1280 2091 et

171 2120 320 2175 honestam
342 2121 577 2190 desiderancium,
599 2121 697 2192 prelati
722 2121 800 2175 Prior
822 2132 850 2176 et
871 2132 1027 2177 conuentus
1048 2122 1085 2178 de
1111 2124 1281 2180 Rernewelle

170 2217 199 2263 et
224 2209 428 2263 Constantinus
453 2208 572 2263 vicarius
597 2225 648 2277 pro
672 2224 703 2263 se
728 2218 755 2261 et
779 2208 838 2261 suis
863 2208 1081 2278 successoribus,
1102 2219 1131 2266 et
1155 2210 1281 2279 prelata¹

171 2296 287 2351 domina
315 2296 432 2351 domina
462 2296 592 2352 Dionisia
617 2296 758 2350 fundatrix
786 2314 838 2367 pro
868 2314 898 2351 se
922 2306 950 2352 et
979 2298 1130 2354 heredibus
1155 2299 1221 2367 suis,
1246 2317 1279 2354 ac

171 2383 315 2438 abbatissa
343 2393 371 2436 et
399 2400 509 2437 sorores
533 2399 584 2453 pro
614 2400 645 2437 se
674 2393 702 2438 et
727 2382 785 2437 suis
812 2382 1031 2451 successoribus,
1057 2400 1088 2438 se
1117 2402 1201 2455 super
1224 2386 1280 2457 hijs

171 2471 302 2525 omnibus
324 2480 352 2526 et
373 2471 491 2541 singulis
513 2481 608 2525 nostre
627 2470 803 2525 ordinacioni
826 2480 926 2542 sponte
948 2481 975 2526 et
996 2471 1150 2529 deliberate
1174 2475 1279 2530 submi·

170 2559 256 2614 serint
274 2577 324 2630 per
342 2560 449 2615 litteras
468 2577 534 2615 suas
552 2570 681 2631 patentes
700 2576 820 2630 quarum
842 2569 924 2615 tenor
940 2560 976 2615 de
996 2562 1084 2616 uerbo
1102 2562 1139 2615 ad
1160 2564 1279 2618 uerbum

170 2648 356 2703 subscribitur
373 2647 402 2701 in
421 2648 476 2701 hac
494 2646 605 2702 forma:

224 2739 323 2793 Pateat
332 2736 470 2792 uniuersis
480 2754 530 2807 per
538 2746 684 2807 presentes
694 2736 771 2806 quod
784 2753 837 2792 nos
851 2739 958 2807 Symon
970 2737 1048 2792 Prior
1059 2749 1088 2794 et
1098 2739 1279 2795 Conuentus²
1292 2744 1404 2803 submis-

169 2824 288 2881 ecclesie
314 2826 410 2880 Sancti
440 2824 534 2895 Egidij
559 2825 596 2878 de
623 2824 795 2879 Bernewelle
819 2822 1002 2878 submisimus
1025 2841 1078 2879 nos
1102 2826 1277 2882 ordinacioni
1290 2795 1431 2886 iiiiiii‘

169 2912 296 2984 magistri
322 2910 499 2983 G[wydonis]
523 2912 652 2967 officialis
676 2912 845 2967 venerabilis
873 2911 962 2981 patris
987 2911 1094 2966 domini
1119 2894 1440 2997 willelmihe‘fiss'ss‘22'„

169 3001 214 3057 dei
238 3002 334 3072 gracia
359 3002 490 3071 Elyensis
519 3000 644 3071 episcopi
670 3001 698 3054 in
723 3017 811 3055 causa
835 3016 885 3056 seu
910 3000 1097 3055 contencione
1121 3013 1199 3057 mota
1222 3020 1278 3073 que

169 3092 286 3145 uertitur
312 3107 362 3145 seu
389 3089 459 3145 uerti
485 3100 612 3159 speratur
636 3090 710 3144 inter
734 3106 786 3143 nos
810 3099 839 3144 et
864 3088 1083 3144 Constantinum
1110 3100 1278 3161 perpetuum

168 3178 304 3232 vicarium
337 3176 454 3231 ecclesie
486 3185 582 3231 nostre
609 3176 646 3230 de
678 3175 865 3231 Waterbeche
896 3174 1028 3243 Elyensis
1058 3176 1214 3245 dyoceseos
1244 3193 1278 3231 ex

167 3275 248 3337 parte
265 3282 329 3331 vna,
342 3274 370 3319 et
388 3262 512 3319 nobilem
530 3262 675 3317 dominam
696 3262 865 3332 Dyonisiam
883 3263 919 3317 de
938 3274 1036 3318 monte
1055 3263 1161 3319 Caniso
1176 3265 1277 3321 lunda·

168 3354 266 3408 tricem
295 3350 457 3421 monasterij
490 3350 637 3406 abbatisse
665 3360 694 3405 et
725 3367 854 3405 sororum
882 3350 919 3404 de
948 3350 1137 3408 Waterbeche
1170 3353 1276 3409 ordinis

169 3441 265 3497 Sancti
297 3438 458 3495 Francisci³
489 3438 619 3507 Elyensis
650 3437 805 3505 dyoceseos
837 3454 870 3493 ex
903 3440 1000 3503 altera,
1033 3439 1162 3496 videlicet
1192 3459 1277 3513 super

167 3530 303 3586 lesionem
324 3528 450 3583 eiusdem
472 3528 590 3582 ecclesie
611 3544 661 3597 per
686 3526 841 3580 aduentum
865 3526 1056 3597 predictarum
1076 3529 1222 3586 abbatisse
1247 3540 1276 3585 et

167 3636 295 3675 sororum
315 3618 344 3673 in
362 3616 490 3687 predicta
508 3615 643 3686 parocbia
660 3615 697 3671 de
716 3615 906 3671 Waterbeche
923 3618 1163 3673 commorancium
1181 3620 1276 3689 quoad

167 3709 291 3764 minutas
315 3705 441 3761 decimas
466 3714 494 3759 et
518 3704 710 3761 obuenciones
737 3704 773 3760 de
800 3703 879 3759 curia
906 3705 1022 3759 domine
1047 3705 1186 3775 Dyonisie
1211 3722 1275 3777 pro·

166 3796 312 3852 uenientes
328 3805 357 3851 et
374 3796 411 3850 ad
427 3794 563 3849 vicarium
579 3804 707 3849 nostrum
726 3792 833 3847 ibidem
851 3802 1022 3863 spectantes,
1040 3803 1134 3848 ratum
1151 3794 1274 3850 habituri

166 3897 302 3957 perpetuo
318 3896 346 3939 et
362 3894 474 3953 gratum
489 3899 540 3953 pro
556 3883 640 3937 nobis
655 3891 684 3937 et
701 3882 911 3937 successoribus
928 3883 1033 3938 nostris
1048 3883 1183 3955 quicquid
1198 3884 1275 3939 idem

167 3974 293 4029 officialis
322 3990 407 4043 super
432 3972 578 4043 premissis
605 3970 737 4026 omnibus
768 3981 796 4026 et
823 3988 859 4025 ea
884 3969 1067 4041 tangentibus
1093 3971 1204 4027 duxerit
1232 3991 1274 4028 or-

167 4062 331 4119 dinandum.

222 4155 253 4207 ln
272 4152 352 4207 cuius
372 4150 410 4205 rei
429 4148 623 4205 testimonium
642 4148 765 4218 presenti
785 4147 890 4216 scripto
911 4147 1033 4217 sigillum
1052 4148 1165 4217 capituli
1186 4150 1273 4204 nostri

165 4241 284 4295 lecimus
303 4238 415 4309 apponi.
453 4239 560 4292 Datum
580 4236 607 4289 in
629 4234 752 4306 capitulo
772 4245 870 4290 nostro
888 4235 925 4290 de
945 4236 1114 4290 Bemeuelle
1131 4236 1275 4293 dominica

216 4406 225 4437 ¹
242 4403 346 4470 prefate,
359 4405 416 4454 MS.
579 4402 591 4435 ‘²
607 4411 745 4453 conuentus
755 4402 796 4464 de,
812 4402 869 4452 MS.
1034 4402 1046 4433 ³
1061 4402 1181 4460 francisci,
1194 4404 1251 4455 MS.
