3234 5059
358 341 426 409 162
497 339 627 412 House
653 338 734 412 and
755 338 864 412 lunds
889 339 937 436 of
964 339 1134 413 Wllr‘am
1170 341 1288 437 Wayn
1338 339 1459 438 [aoorc

351 520 427 576 alibi.
465 523 504 577 Et
528 521 625 578 dicunt
650 522 726 594 quod
751 524 894 594 predictus
921 526 1007 594 Hugo
1031 535 1123 580 rotam
1143 537 1172 580 et
1192 525 1317 580 fusilium
1338 524 1461 580 terreum

353 609 507 665 molendini
537 610 655 680 predicti
685 621 713 666 et
741 613 833 667 molas
857 612 986 668 eiusdem
1011 629 1045 668 ex
1069 630 1188 670 assensu
1212 623 1240 669 et
1263 614 1410 669 voluntate
1432 622 1462 668 et

354 697 472 752 consilio
485 699 604 768 predicti
619 699 758 756 Guidonis
775 701 850 771 cepit
862 711 891 756 et
908 703 1073 772 asportauit,
1085 714 1114 759 et
1126 701 1249 774 [partem
1262 703 1329 758 inde
1342 701 1371 757 in
1384 701 1462 756 curia

355 785 473 856 predicti
492 786 631 842 Guidonis
649 788 678 842 in
695 789 856 858 depositum
874 789 910 843 ad
928 789 1100 844 semandum
1117 790 1218 861 posuit
1258 793 1303 845 lta
1318 788 1395 860 quod
1412 806 1462 860 per

356 873 560 931 alienacionem
574 885 602 930 et
615 877 844 946 asportacionem
856 876 974 947 predicti
988 876 1115 932 meremii
1124 877 1219 932 amisit
1228 877 1371 948 predictus
1382 875 1463 932 Prior

355 963 501 1035 hucusque
514 962 656 1020 redditum
668 961 784 1035 suum]¹.

571 1109 620 1172 88.
666 1105 833 1170 Phacitum
855 1106 894 1170 de
925 1105 1083 1171 Willelmo
1113 1105 1245 1187 Waryn.

193 1223 344 1327 mgr-m
425 1235 463 1298 ln
487 1235 566 1298 villa
592 1234 635 1300 de
662 1235 807 1298 Bertone
830 1245 902 1298 erat
925 1234 1062 1317 quidam
1086 1235 1188 1299 homo
1210 1236 1302 1313 liber,
1325 1245 1463 1300 vocatus

192 1325 320 1418 ἔξω,
357 1339 492 1402 nomine
511 1340 668 1403 Warinus
686 1347 756 1403 atte
776 1338 873 1415 Dole,
894 1339 951 1422 qui
974 1338 1121 1404 habebat
1143 1338 1247 1403 lilium
1270 1341 1405 1403 unicum
1428 1349 1462 1404 et

185 1427 342 1525 &w
356 1443 512 1507 heredem
539 1443 596 1526 qui
623 1443 805 1506 vocabatur
832 1441 1021 1507 Willelmus
1048 1443 1185 1525 Waryn.
1230 1443 1298 1526 Qui
1325 1445 1461 1527 quidem

193 1527 326 1619 ffiissffi'
356 1547 545 1613 Willelmus
566 1559 642 1631 post
663 1559 804 1613 mortem
822 1549 926 1632 patris
941 1549 991 1613 sui
1008 1547 1157 1613 leoffauit
1172 1550 1347 1613 dominum
1364 1547 1403 1614 G.
1420 1550 1462 1612 de

194 1628 295 1671 ΒΜ·
358 1652 521 1717 Londone
546 1653 743 1717 canonicum
768 1651 812 1717 de
837 1651 1039 1716 Bemewelle
1062 1653 1106 1716 de
1129 1652 1285 1716 omnibus
1310 1652 1404 1716 terris
1427 1663 1463 1717 et

356 1755 556 1820 tenementis
579 1777 644 1838 que
667 1755 800 1820 fuerunt
823 1756 962 1838 predicti
984 1754 1112 1819 Warini
1134 1757 1238 1837 patris
1258 1757 1309 1820 sui
1331 1757 1463 1821 invilla

355 1872 390 1926 et
412 1863 539 1945 campis
562 1861 604 1927 de
628 1862 773 1926 Bertone
796 1871 857 1927 etc.
903 1860 1061 1925 Processu
1086 1882 1166 1925 uero
1188 1862 1348 1944 temporis
1372 1862 1460 1926 idem

356 1966 544 2030 Willelmus
560 1965 687 2050 Waryn
705 1965 851 2048 suscepit
866 1965 1018 2029 habitum
1034 1966 1067 2028 in
1084 1950 1186 2029 domo
1202 1966 1244 2030 de
1261 1965 1462 2030 Bemewelle

356 2068 506 2132 conuersi
538 2067 645 2150 layci3
679 2076 714 2131 et
744 2087 811 2130 non
843 2067 949 2131 multo
979 2077 1056 2150 post
1081 2069 1124 2130 de
1150 2087 1313 2132 consensu
1342 2069 1463 2132 Prioris

357 2173 476 2264 missus
497 2182 568 2236 erat
589 2171 678 2236 idem
696 2171 914 2256 W[illelmus]
935 2192 1116 2236 conuersus
1136 2173 1179 2236 ad
1196 2173 1461 2250 custodiendum,

355 2277 542 2352 colendum,
558 2286 592 2339 et
608 2275 806 2341 saluandum
824 2285 927 2340 terras
943 2285 977 2340 et
993 2287 1184 2341 tenementa
1200 2279 1360 2360 predicta,
1369 2280 1460 2361 quod

355 2380 437 2444 satis
460 2379 601 2444 fideliter
622 2390 657 2443 et
679 2381 801 2445 deuote
825 2381 1060 2464 humiliterque
1083 2380 1160 2445 lecit
1180 2391 1353 2465 tamquam
1375 2382 1462 2446 lilius

355 2483 556 2549 obediencie.
603 2484 824 2568 Euolutisque
845 2487 960 2569 paucis
978 2484 1096 2550 diebus
1112 2485 1200 2548 idem
1217 2485 1318 2550 frater
1333 2485 1461 2552 Willel-

355 2611 430 2653 mus
445 2609 625 2653 conuersus
642 2588 732 2654 febre
747 2599 919 2673 correptus
935 2590 1070 2666 ibidem,
1084 2589 1239 2654 videlicet
1255 2590 1287 2653 in
1303 2591 1461 2655 domibus

354 2715 419 2778 que
446 2715 504 2756 sue
532 2702 627 2757 erant
653 2703 731 2756 ante
758 2693 1019 2771 conuersionem‚
1043 2693 1219 2777 expirauit‚
1244 2704 1460 2777 mortuusque

354 2798 485 2862 delatus
507 2806 557 2861 est
573 2806 608 2860 et
623 2796 774 2878 sepultus
796 2797 829 2859 in
850 2796 1013 2861 cimiterio
1029 2797 1264 2862 canonicorum
1280 2799 1324 2862 de
1340 2798 1460 2863 Berne·

355 2901 448 2964 welle
464 2901 550 2966 inter
565 2900 689 2964 fratres.

193 3000 295 3043 ΗΜ·
421 3006 510 3089 Quia
540 3006 640 3089 igitur
670 3004 795 3068 bonum
826 3014 878 3068 est
907 3004 1096 3086 premunire
1127 3004 1264 3082 futuros,
1289 3015 1327 3070 ut
1353 3006 1462 3072 sciant

209 3051 266 3092 hew

192 3062 318 3202 fffflffl
355 3107 504 3171 malicias
535 3107 708 3171 hominum
739 3108 898 3180 deuitare,
926 3107 1033 3172 sciant
1062 3127 1179 3170 omnes
1209 3116 1244 3171 et
1272 3110 1463 3174 memoriter

190 3201 340 3294 fflffi,
355 3214 520 3276 retineant
542 3212 631 3294 quod
656 3210 824 3294 predictus
846 3211 1002 3274 Warinus
1022 3219 1092 3274 atte
1111 3211 1199 3275 Dole
1220 3211 1337 3276 habuit
1358 3235 1461 3297 quen-

354 3317 433 3380 dam
451 3314 595 3394 fratrem,
613 3315 797 3379 Henricum
814 3315 959 3392 nornine,
974 3315 1030 3398 qui
1047 3313 1167 3398 laqueo
1182 3336 1363 3399 suspensus
1381 3328 1461 3382 erat.

356 3421 402 3485 Et
429 3421 483 3484 ille
512 3421 679 3484 Henricus
705 3420 822 3483 habuit
848 3420 1017 3501 quendam
1041 3418 1146 3482 filium
1168 3420 1378 3503 capellanum
1402 3442 1460 3485 no-

356 3527 444 3589 mine
471 3526 666 3589 Walterum.
714 3524 781 3587 Hic
803 3523 972 3587 Walterus
999 3524 1032 3586 in
1060 3524 1176 3587 itinere
1203 3523 1460 3606 justiciariorum

355 3651 414 3714 per
433 3629 607 3694 consilium
628 3627 791 3710 Johannis
806 3628 850 3692 de
866 3627 1136 3711 Metheringham
1153 3629 1346 3712 impetrauit
1361 3629 1468 3694 breue

356 3733 458 3816 Regis
481 3739 596 3797 contra
618 3733 763 3796 Priorem
785 3732 827 3794 de
848 3729 1004 3794 omnibus
1023 3731 1116 3794 terris
1132 3739 1167 3794 et
1181 3733 1381 3797 tenementis
1396 3753 1462 3815 que

354 3838 475 3903 suerint
505 3836 665 3901 Willelmi
697 3836 824 3918 Waryn
855 3835 889 3898 in
921 3833 1076 3912 Bertone,
1105 3835 1220 3899 dicens
1249 3834 1340 3918 quod
1371 3837 1459 3900 idern

354 3940 571 4026 W[illelmus]
602 3940 687 4022 obijt
718 3941 796 4004 inde
826 3941 971 4023 seysitus
1000 3948 1072 4015 etc,
1101 3949 1136 4004 et
1165 3939 1257 4022 quod
1288 3940 1359 4023 ipse
1390 3951 1462 4006 erat

354 4046 570 4131 propinquior
596 4046 666 4109 eius
692 4044 788 4107 heres
809 4052 881 4119 etc,
903 4053 939 4108 et
961 4044 1085 4109 multas
1109 4044 1217 4108 minas
1240 4044 1462 4128 pretendebat

352 4161 414 4215 etc.
475 4149 542 4215 Sed
574 4159 753 4233 postquam
783 4147 977 4231 oppositum
1008 4157 1080 4213 erat
1109 4149 1140 4212 ei
1169 4150 1213 4213 de
1242 4150 1462 4233 suspensione

353 4253 472 4329 fratris,
494 4253 709 4318 uehementer
734 4251 912 4327 obmutuit,
937 4258 971 4314 et
998 4271 1066 4314 non
1092 4252 1165 4315 sine
1189 4252 1310 4317 rubore
1336 4272 1461 4336 magno

352 4359 454 4424 breue
475 4378 573 4423 suurn
596 4356 745 4421 retraxit.

642 4473 652 4506 ²
669 4473 931 4542 portem...Guydonis
946 4474 1006 4525 inde
1023 4473 1142 4540 positum,
1162 4474 1218 4526 MS.
