<?xml version="1.0" encoding="UTF-8"?>
<!DOCTYPE html PUBLIC "-//W3C//DTD XHTML 1.0 Transitional//EN"
    "http://www.w3.org/TR/xhtml1/DTD/xhtml1-transitional.dtd">
<html xmlns="http://www.w3.org/1999/xhtml" xml:lang="en" lang="en">
 <head>
  <title>
</title>
<meta http-equiv="Content-Type" content="text/html;charset=utf-8" />
  <meta name='ocr-system' content='tesseract 3.04.00' />
  <meta name='ocr-capabilities' content='ocr_page ocr_carea ocr_par ocr_line ocrx_word'/>
</head>
<body>
  <div class='ocr_page' id='page_1' title='image "./libermemorandor00clargoog/libermemorandor00clargoog_0361.png"; bbox 0 0 3234 5059; ppageno 0'>
   <div class='ocr_carea' id='block_1_1' title="bbox 142 372 1244 486">
    <p class='ocr_par' dir='ltr' id='par_1_1' title="bbox 142 372 1244 486">
     <span class='ocr_line' id='line_1_1' title="bbox 142 372 1244 486; baseline 0.005 -28"><span class='ocrx_word' id='word_1_1' title='bbox 142 382 217 486; x_wconf 86' lang='lat' dir='ltr'>vn]</span> <span class='ocrx_word' id='word_1_2' title='bbox 447 386 574 485; x_wconf 72' lang='lat' dir='ltr'>Odrey,</span> <span class='ocrx_word' id='word_1_3' title='bbox 602 372 763 475; x_wconf 70' lang='lat' dir='ltr'>Pz‘nrota</span> <span class='ocrx_word' id='word_1_4' title='bbox 801 390 840 461; x_wconf 89' lang='lat' dir='ltr'><em>T</em></span> <span class='ocrx_word' id='word_1_5' title='bbox 833 389 954 462; x_wconf 83' lang='lat' dir='ltr'>adlow</span> <span class='ocrx_word' id='word_1_6' title='bbox 1174 414 1244 485; x_wconf 87' lang='lat'>293</span> 
     </span>
    </p>
   </div>
   <div class='ocr_carea' id='block_1_2' title="bbox 462 691 927 777">
    <p class='ocr_par' dir='ltr' id='par_1_2' title="bbox 462 691 927 777">
     <span class='ocr_line' id='line_1_2' title="bbox 462 691 927 777; baseline 0.002 -23"><span class='ocrx_word' id='word_1_7' title='bbox 462 706 508 771; x_wconf 75' lang='grc' dir='ltr'>ις.</span> <span class='ocrx_word' id='word_1_8' title='bbox 554 691 747 775; x_wconf 64' lang='lat' dir='ltr'>[oausam</span> <span class='ocrx_word' id='word_1_9' title='bbox 769 692 927 777; x_wconf 61' lang='lat' dir='ltr'>(ouem</span> 
     </span>
    </p>
   </div>
   <div class='ocr_carea' id='block_1_3' title="bbox 140 838 1360 3118">
    <p class='ocr_par' dir='ltr' id='par_1_3' title="bbox 205 838 968 909">
     <span class='ocr_line' id='line_1_3' title="bbox 205 838 968 909; baseline 0.005 -8"><span class='ocrx_word' id='word_1_10' title='bbox 205 838 258 901; x_wconf 95' lang='lat' dir='ltr'>De</span> <span class='ocrx_word' id='word_1_11' title='bbox 274 838 411 903; x_wconf 88' lang='lat' dir='ltr'><strong>decimis</strong></span> <span class='ocrx_word' id='word_1_12' title='bbox 426 839 470 903; x_wconf 88' lang='lat' dir='ltr'>de</span> <span class='ocrx_word' id='word_1_13' title='bbox 486 839 679 905; x_wconf 88' lang='lat' dir='ltr'>Oddesethe</span> <span class='ocrx_word' id='word_1_14' title='bbox 695 860 794 905; x_wconf 91' lang='lat' dir='ltr'>vnam</span> <span class='ocrx_word' id='word_1_15' title='bbox 812 862 968 909; x_wconf 85' lang='lat' dir='ltr'>marcam.</span> 
     </span>
    </p>

    <p class='ocr_par' dir='ltr' id='par_1_4' title="bbox 206 946 1175 1030">
     <span class='ocr_line' id='line_1_4' title="bbox 206 946 1175 1030; baseline 0.002 -21"><span class='ocrx_word' id='word_1_16' title='bbox 206 946 259 1009; x_wconf 93' lang='lat' dir='ltr'>De</span> <span class='ocrx_word' id='word_1_17' title='bbox 275 946 396 1010; x_wconf 88' lang='lat' dir='ltr'>vicaria</span> <span class='ocrx_word' id='word_1_18' title='bbox 410 948 453 1011; x_wconf 93' lang='lat' dir='ltr'>de</span> <span class='ocrx_word' id='word_1_19' title='bbox 470 946 634 1011; x_wconf 92' lang='lat' dir='ltr'>Mordone</span> <span class='ocrx_word' id='word_1_20' title='bbox 650 967 711 1030; x_wconf 91' lang='lat' dir='ltr'>pro</span> <span class='ocrx_word' id='word_1_21' title='bbox 727 947 888 1029; x_wconf 87' lang='lat' dir='ltr'>pensione</span> <span class='ocrx_word' id='word_1_22' title='bbox 902 968 1002 1011; x_wconf 91' lang='lat' dir='ltr'>vnam</span> <span class='ocrx_word' id='word_1_23' title='bbox 1020 967 1175 1011; x_wconf 85' lang='lat' dir='ltr'><strong>marcam.</strong></span> 
     </span>
    </p>

    <p class='ocr_par' dir='ltr' id='par_1_5' title="bbox 140 1048 1244 1240">
     <span class='ocr_line' id='line_1_5' title="bbox 206 1048 1244 1134; baseline 0.002 -23"><span class='ocrx_word' id='word_1_24' title='bbox 206 1048 260 1111; x_wconf 91' lang='lat' dir='ltr'>De</span> <span class='ocrx_word' id='word_1_25' title='bbox 277 1048 414 1112; x_wconf 88' lang='lat' dir='ltr'>decimis</span> <span class='ocrx_word' id='word_1_26' title='bbox 436 1048 619 1113; x_wconf 88' lang='lat' dir='ltr'>molendini</span> <span class='ocrx_word' id='word_1_27' title='bbox 639 1051 681 1114; x_wconf 88' lang='lat' dir='ltr'>de</span> <span class='ocrx_word' id='word_1_28' title='bbox 703 1048 868 1113; x_wconf 92' lang='lat' dir='ltr'>Mordone</span> <span class='ocrx_word' id='word_1_29' title='bbox 889 1049 930 1131; x_wconf 86' lang='lat' dir='ltr'>ij.</span> <span class='ocrx_word' id='word_1_30' title='bbox 953 1050 1078 1113; x_wconf 90' lang='lat' dir='ltr'>solidos</span> <span class='ocrx_word' id='word_1_31' title='bbox 1101 1049 1152 1131; x_wconf 89' lang='lat' dir='ltr'><strong>.vj.</strong></span> <span class='ocrx_word' id='word_1_32' title='bbox 1172 1049 1244 1134; x_wconf 88' lang='lat' dir='ltr'>[de-</span> 
     </span>
     <span class='ocr_line' id='line_1_6' title="bbox 140 1152 639 1240; baseline 0.008 -25"><span class='ocrx_word' id='word_1_33' title='bbox 140 1153 271 1240; x_wconf 86' lang='lat' dir='ltr'>narios]‚</span> <span class='ocrx_word' id='word_1_34' title='bbox 286 1161 321 1217; x_wconf 87' lang='lat' dir='ltr'>et</span> <span class='ocrx_word' id='word_1_35' title='bbox 336 1173 397 1235; x_wconf 92' lang='lat' dir='ltr'>pro</span> <span class='ocrx_word' id='word_1_36' title='bbox 412 1152 528 1216; x_wconf 91' lang='lat' dir='ltr'>hulmo</span> <span class='ocrx_word' id='word_1_37' title='bbox 542 1153 639 1235; x_wconf 87' lang='lat' dir='ltr'>.iiij.d.</span> 
     </span>
    </p>

    <p class='ocr_par' dir='ltr' id='par_1_6' title="bbox 207 1255 1208 1340">
     <span class='ocr_line' id='line_1_7' title="bbox 207 1255 1208 1340; baseline 0.003 -22"><span class='ocrx_word' id='word_1_38' title='bbox 207 1256 259 1319; x_wconf 92' lang='lat' dir='ltr'>De</span> <span class='ocrx_word' id='word_1_39' title='bbox 275 1255 392 1319; x_wconf 88' lang='lat' dir='ltr'>eadem</span> <span class='ocrx_word' id='word_1_40' title='bbox 408 1256 531 1319; x_wconf 85' lang='lat' dir='ltr'>vicaria</span> <span class='ocrx_word' id='word_1_41' title='bbox 546 1276 607 1338; x_wconf 93' lang='lat' dir='ltr'>pro</span> <span class='ocrx_word' id='word_1_42' title='bbox 622 1258 768 1339; x_wconf 91' lang='lat' dir='ltr'>quadam</span> <span class='ocrx_word' id='word_1_43' title='bbox 785 1256 888 1321; x_wconf 92' lang='lat' dir='ltr'>domo</span> <span class='ocrx_word' id='word_1_44' title='bbox 903 1277 1102 1340; x_wconf 88' lang='lat' dir='ltr'>perannum</span> <span class='ocrx_word' id='word_1_45' title='bbox 1118 1257 1208 1339; x_wconf 67' lang='lat' dir='ltr'>‚iiijs</span> 
     </span>
    </p>

    <p class='ocr_par' dir='ltr' id='par_1_7' title="bbox 140 1346 1248 1635">
     <span class='ocr_line' id='line_1_8' title="bbox 207 1359 1244 1445; baseline 0.003 -23"><span class='ocrx_word' id='word_1_46' title='bbox 207 1359 251 1423; x_wconf 91' lang='lat' dir='ltr'>Et</span> <span class='ocrx_word' id='word_1_47' title='bbox 274 1360 445 1423; x_wconf 92' lang='lat' dir='ltr'>sciendum</span> <span class='ocrx_word' id='word_1_48' title='bbox 469 1362 632 1442; x_wconf 92' lang='lat' dir='ltr'>estquod</span> <span class='ocrx_word' id='word_1_49' title='bbox 656 1380 773 1423; x_wconf 88' lang='lat' dir='ltr'>omnes</span> <span class='ocrx_word' id='word_1_50' title='bbox 797 1362 938 1443; x_wconf 85' lang='lat' dir='ltr'>predicti</span> <span class='ocrx_word' id='word_1_51' title='bbox 962 1361 1244 1445; x_wconf 87' lang='lat' dir='ltr'>consuetudinarij</span> 
     </span>
     <span class='ocr_line' id='line_1_9' title="bbox 141 1464 1248 1549; baseline 0.002 -20"><span class='ocrx_word' id='word_1_52' title='bbox 141 1466 265 1531; x_wconf 92' lang='lat' dir='ltr'>debent</span> <span class='ocrx_word' id='word_1_53' title='bbox 295 1467 374 1530; x_wconf 89' lang='lat' dir='ltr'>dare</span> <span class='ocrx_word' id='word_1_54' title='bbox 403 1485 593 1549; x_wconf 86' lang='lat' dir='ltr'>gersumam</span> <span class='ocrx_word' id='word_1_55' title='bbox 624 1486 685 1548; x_wconf 94' lang='lat' dir='ltr'>pro</span> <span class='ocrx_word' id='word_1_56' title='bbox 715 1464 846 1529; x_wconf 88' lang='lat' dir='ltr'>filiabus</span> <span class='ocrx_word' id='word_1_57' title='bbox 876 1467 945 1530; x_wconf 92' lang='lat' dir='ltr'>suis</span> <span class='ocrx_word' id='word_1_58' title='bbox 976 1467 1183 1543; x_wconf 85' lang='lat' dir='ltr'>maritandis,</span> <span class='ocrx_word' id='word_1_59' title='bbox 1211 1476 1248 1532; x_wconf 91' lang='lat' dir='ltr'>et</span> 
     </span>
     <span class='ocr_line' id='line_1_10' title="bbox 140 1570 845 1635; baseline -0.001 -1"><span class='ocrx_word' id='word_1_60' title='bbox 140 1570 291 1635; x_wconf 88' lang='lat' dir='ltr'>talliandi</span> <span class='ocrx_word' id='word_1_61' title='bbox 315 1579 393 1634; x_wconf 90' lang='lat' dir='ltr'>sunt</span> <span class='ocrx_word' id='word_1_62' title='bbox 417 1571 459 1633; x_wconf 89' lang='lat' dir='ltr'>ad</span> <span class='ocrx_word' id='word_1_63' title='bbox 484 1570 690 1633; x_wconf 86' lang='lat' dir='ltr'>voluntatem</span> <span class='ocrx_word' id='word_1_64' title='bbox 716 1570 845 1633; x_wconf 87' lang='lat' dir='ltr'>Prioris.</span> 
     </span>
    </p>

    <p class='ocr_par' dir='ltr' id='par_1_8' title="bbox 250 1673 1029 1756">
     <span class='ocr_line' id='line_1_11' title="bbox 250 1673 1029 1756; baseline -0.003 -16"><span class='ocrx_word' id='word_1_65' title='bbox 250 1675 391 1740; x_wconf 88' lang='lat' dir='ltr'>Summa</span> <span class='ocrx_word' id='word_1_66' title='bbox 405 1674 469 1756; x_wconf 87' lang='lat' dir='ltr'>.iiij.</span> <span class='ocrx_word' id='word_1_67' title='bbox 486 1674 567 1738; x_wconf 86' lang='lat' dir='ltr'>libre</span> <span class='ocrx_word' id='word_1_68' title='bbox 583 1674 674 1756; x_wconf 83' lang='lat' dir='ltr'>.xiiij.</span> <span class='ocrx_word' id='word_1_69' title='bbox 689 1673 787 1737; x_wconf 93' lang='lat' dir='ltr'>solidi</span> <span class='ocrx_word' id='word_1_70' title='bbox 803 1674 878 1756; x_wconf 90' lang='lat' dir='ltr'>.viij.</span> <span class='ocrx_word' id='word_1_71' title='bbox 893 1675 1029 1739; x_wconf 91' lang='lat' dir='ltr'>denarii.</span> 
     </span>
    </p>

    <p class='ocr_par' dir='ltr' id='par_1_9' title="bbox 250 1778 1246 1964">
     <span class='ocr_line' id='line_1_12' title="bbox 250 1778 1246 1861; baseline 0 -17"><span class='ocrx_word' id='word_1_72' title='bbox 250 1781 391 1845; x_wconf 88' lang='lat' dir='ltr'>Summa</span> <span class='ocrx_word' id='word_1_73' title='bbox 411 1779 524 1843; x_wconf 87' lang='lat' dir='ltr'>totalis</span> <span class='ocrx_word' id='word_1_74' title='bbox 540 1779 647 1841; x_wconf 92' lang='lat' dir='ltr'>tocius</span> <span class='ocrx_word' id='word_1_75' title='bbox 663 1778 813 1843; x_wconf 86' lang='lat' dir='ltr'>redditus</span> <span class='ocrx_word' id='word_1_76' title='bbox 829 1779 969 1861; x_wconf 88' lang='lat' dir='ltr'>predicti</span> <span class='ocrx_word' id='word_1_77' title='bbox 985 1778 1050 1861; x_wconf 85' lang='lat' dir='ltr'>iiij.</span> <span class='ocrx_word' id='word_1_78' title='bbox 1067 1778 1149 1843; x_wconf 90' lang='lat' dir='ltr'>libre</span> <span class='ocrx_word' id='word_1_79' title='bbox 1164 1780 1246 1844; x_wconf 86' lang='lat' dir='ltr'>.xix.</span> 
     </span>
     <span class='ocr_line' id='line_1_13' title="bbox 313 1882 665 1964; baseline -0.003 -17"><span class='ocrx_word' id='word_1_80' title='bbox 313 1882 410 1947; x_wconf 91' lang='lat' dir='ltr'>solidi</span> <span class='ocrx_word' id='word_1_81' title='bbox 433 1882 506 1964; x_wconf 92' lang='lat' dir='ltr'>.viij.</span> <span class='ocrx_word' id='word_1_82' title='bbox 530 1882 665 1946; x_wconf 88' lang='lat' dir='ltr'>denarii.</span> 
     </span>
    </p>

    <p class='ocr_par' dir='ltr' id='par_1_10' title="bbox 249 1987 1248 2174">
     <span class='ocr_line' id='line_1_14' title="bbox 249 1987 1248 2072; baseline 0.001 -20"><span class='ocrx_word' id='word_1_83' title='bbox 249 1988 389 2053; x_wconf 89' lang='lat' dir='ltr'>Summa</span> <span class='ocrx_word' id='word_1_84' title='bbox 405 2007 571 2069; x_wconf 89' lang='lat' dir='ltr'>caponum</span> <span class='ocrx_word' id='word_1_85' title='bbox 588 1995 621 2050; x_wconf 92' lang='lat' dir='ltr'>et</span> <span class='ocrx_word' id='word_1_86' title='bbox 640 1987 840 2071; x_wconf 83' lang='lat' dir='ltr'>gallinarum</span> <span class='ocrx_word' id='word_1_87' title='bbox 862 1987 970 2069; x_wconf 78' lang='lat' dir='ltr'>,xxij.¹</span> <span class='ocrx_word' id='word_1_88' title='bbox 1015 1988 1061 2052; x_wconf 89' lang='lat' dir='ltr'>Et</span> <span class='ocrx_word' id='word_1_89' title='bbox 1082 1988 1248 2072; x_wconf 85' lang='lat' dir='ltr'>quolibet¹</span> 
     </span>
     <span class='ocr_line' id='line_1_15' title="bbox 313 2090 687 2174; baseline -0.003 -18"><span class='ocrx_word' id='word_1_90' title='bbox 313 2090 460 2156; x_wconf 89' lang='lat' dir='ltr'>secundo</span> <span class='ocrx_word' id='word_1_91' title='bbox 482 2112 571 2155; x_wconf 86' lang='lat' dir='ltr'>anno</span> <span class='ocrx_word' id='word_1_92' title='bbox 593 2091 687 2174; x_wconf 89' lang='lat' dir='ltr'>.xxjj.</span> 
     </span>
    </p>

    <p class='ocr_par' dir='ltr' id='par_1_11' title="bbox 250 2196 1005 2280">
     <span class='ocr_line' id='line_1_16' title="bbox 250 2196 1005 2280; baseline -0.004 -17"><span class='ocrx_word' id='word_1_93' title='bbox 250 2198 391 2263; x_wconf 87' lang='lat' dir='ltr'>Summa</span> <span class='ocrx_word' id='word_1_94' title='bbox 406 2218 545 2261; x_wconf 91' lang='lat' dir='ltr'>ouorum</span> <span class='ocrx_word' id='word_1_95' title='bbox 562 2218 678 2261; x_wconf 84' lang='lat' dir='ltr'>.xxxv.</span> <span class='ocrx_word' id='word_1_96' title='bbox 695 2198 807 2280; x_wconf 89' lang='lat' dir='ltr'>precio</span> <span class='ocrx_word' id='word_1_97' title='bbox 823 2196 852 2280; x_wconf 90' lang='lat' dir='ltr'>.j.</span> <span class='ocrx_word' id='word_1_98' title='bbox 868 2197 1005 2280; x_wconf 77' lang='lat' dir='ltr'>denarij,</span> 
     </span>
    </p>

    <p class='ocr_par' dir='ltr' id='par_1_12' title="bbox 140 2300 1248 2590">
     <span class='ocr_line' id='line_1_17' title="bbox 207 2300 1248 2383; baseline 0.001 -18"><span class='ocrx_word' id='word_1_99' title='bbox 207 2304 252 2366; x_wconf 90' lang='lat' dir='ltr'>Et</span> <span class='ocrx_word' id='word_1_100' title='bbox 278 2302 450 2364; x_wconf 91' lang='lat' dir='ltr'>sciendum</span> <span class='ocrx_word' id='word_1_101' title='bbox 473 2302 636 2383; x_wconf 93' lang='lat' dir='ltr'>estquod</span> <span class='ocrx_word' id='word_1_102' title='bbox 662 2300 754 2364; x_wconf 90' lang='lat' dir='ltr'>Prior</span> <span class='ocrx_word' id='word_1_103' title='bbox 776 2308 811 2363; x_wconf 91' lang='lat' dir='ltr'>et</span> <span class='ocrx_word' id='word_1_104' title='bbox 832 2311 1018 2364; x_wconf 91' lang='lat' dir='ltr'>conuentus</span> <span class='ocrx_word' id='word_1_105' title='bbox 1042 2300 1141 2364; x_wconf 92' lang='lat' dir='ltr'>nichil</span> <span class='ocrx_word' id='word_1_106' title='bbox 1164 2301 1248 2366; x_wconf 88' lang='lat' dir='ltr'>dant</span> 
     </span>
     <span class='ocr_line' id='line_1_18' title="bbox 140 2403 1246 2489; baseline -0.002 -19"><span class='ocrx_word' id='word_1_107' title='bbox 140 2406 237 2470; x_wconf 89' lang='lat' dir='ltr'>alicui</span> <span class='ocrx_word' id='word_1_108' title='bbox 269 2424 328 2487; x_wconf 88' lang='lat' dir='ltr'>per</span> <span class='ocrx_word' id='word_1_109' title='bbox 357 2423 482 2466; x_wconf 87' lang='lat' dir='ltr'>annum</span> <span class='ocrx_word' id='word_1_110' title='bbox 509 2422 570 2484; x_wconf 94' lang='lat' dir='ltr'>pro</span> <span class='ocrx_word' id='word_1_111' title='bbox 599 2403 766 2486; x_wconf 88' lang='lat' dir='ltr'>predictis,</span> <span class='ocrx_word' id='word_1_112' title='bbox 795 2414 847 2469; x_wconf 84' lang='lat' dir='ltr'>set</span> <span class='ocrx_word' id='word_1_113' title='bbox 876 2403 1036 2489; x_wconf 90' lang='lat' dir='ltr'>quicquid</span> <span class='ocrx_word' id='word_1_114' title='bbox 1060 2403 1186 2468; x_wconf 89' lang='lat' dir='ltr'>habent</span> <span class='ocrx_word' id='word_1_115' title='bbox 1212 2405 1246 2469; x_wconf 94' lang='lat' dir='ltr'>in</span> 
     </span>
     <span class='ocr_line' id='line_1_19' title="bbox 143 2509 939 2590; baseline -0.003 -15"><span class='ocrx_word' id='word_1_116' title='bbox 143 2511 308 2575; x_wconf 92' lang='lat' dir='ltr'>Mordone</span> <span class='ocrx_word' id='word_1_117' title='bbox 330 2517 381 2571; x_wconf 90' lang='lat' dir='ltr'>est</span> <span class='ocrx_word' id='word_1_118' title='bbox 404 2527 486 2590; x_wconf 91' lang='lat' dir='ltr'>pura</span> <span class='ocrx_word' id='word_1_119' title='bbox 509 2516 543 2571; x_wconf 92' lang='lat' dir='ltr'>et</span> <span class='ocrx_word' id='word_1_120' title='bbox 566 2519 727 2590; x_wconf 89' lang='lat' dir='ltr'>perpetua</span> <span class='ocrx_word' id='word_1_121' title='bbox 749 2509 939 2574; x_wconf 80' lang='lat' dir='ltr'>elemosina</span> 
     </span>
    </p>

    <p class='ocr_par' dir='ltr' id='par_1_13' title="bbox 142 2612 1360 3118">
     <span class='ocr_line' id='line_1_20' title="bbox 206 2612 1360 2697; baseline 0.002 -19"><span class='ocrx_word' id='word_1_122' title='bbox 206 2612 506 2697; x_wconf 89' lang='lat' dir='ltr'>[Gyldenmordon.</span> <span class='ocrx_word' id='word_1_123' title='bbox 552 2612 721 2677; x_wconf 88' lang='lat' dir='ltr'>Tenentes</span> <span class='ocrx_word' id='word_1_124' title='bbox 752 2614 873 2678; x_wconf 89' lang='lat' dir='ltr'>Prioris</span> <span class='ocrx_word' id='word_1_125' title='bbox 903 2615 946 2678; x_wconf 93' lang='lat' dir='ltr'>de</span> <span class='ocrx_word' id='word_1_126' title='bbox 977 2614 1179 2679; x_wconf 88' lang='lat' dir='ltr'>Bernewelle</span> <span class='ocrx_word' id='word_1_127' title='bbox 1204 2617 1246 2680; x_wconf 88' lang='lat' dir='ltr'>de</span> <span class='ocrx_word' id='word_1_128' title='bbox 1262 2648 1360 2689; x_wconf 72' lang='lat'>1441-42</span> 
     </span>
     <span class='ocr_line' id='line_1_21' title="bbox 142 2716 1246 2802; baseline 0.001 -20"><span class='ocrx_word' id='word_1_129' title='bbox 142 2718 241 2784; x_wconf 90' lang='lat' dir='ltr'>seodo</span> <span class='ocrx_word' id='word_1_130' title='bbox 271 2718 313 2781; x_wconf 94' lang='lat' dir='ltr'>de</span> <span class='ocrx_word' id='word_1_131' title='bbox 340 2716 577 2780; x_wconf 87' lang='lat' dir='ltr'>Bokesworthe</span> <span class='ocrx_word' id='word_1_132' title='bbox 603 2716 727 2781; x_wconf 90' lang='lat' dir='ltr'>ibidem</span> <span class='ocrx_word' id='word_1_133' title='bbox 759 2738 849 2782; x_wconf 91' lang='lat' dir='ltr'>anno</span> <span class='ocrx_word' id='word_1_134' title='bbox 878 2739 947 2782; x_wconf 86' lang='lat' dir='ltr'><strong>.xx.</strong></span> <span class='ocrx_word' id='word_1_135' title='bbox 979 2719 1082 2802; x_wconf 84' lang='lat' dir='ltr'>Regis</span> <span class='ocrx_word' id='word_1_136' title='bbox 1109 2719 1246 2783; x_wconf 92' lang='lat' dir='ltr'>Henrici</span> 
     </span>
     <span class='ocr_line' id='line_1_22' title="bbox 143 2822 1247 2905; baseline 0.001 -18"><span class='ocrx_word' id='word_1_137' title='bbox 143 2824 240 2888; x_wconf 89' lang='lat' dir='ltr'>sexti.</span> <span class='ocrx_word' id='word_1_138' title='bbox 291 2822 455 2886; x_wconf 90' lang='lat' dir='ltr'>Ricardus</span> <span class='ocrx_word' id='word_1_139' title='bbox 472 2822 580 2905; x_wconf 88' lang='lat' dir='ltr'>Peryn</span> <span class='ocrx_word' id='word_1_140' title='bbox 597 2842 656 2904; x_wconf 92' lang='lat' dir='ltr'>per</span> <span class='ocrx_word' id='word_1_141' title='bbox 676 2842 801 2886; x_wconf 89' lang='lat' dir='ltr'>annum</span> <span class='ocrx_word' id='word_1_142' title='bbox 818 2822 922 2904; x_wconf 66' lang='lat' dir='ltr'>,xiijs</span> <span class='ocrx_word' id='word_1_143' title='bbox 934 2822 1031 2904; x_wconf 75' lang='lat' dir='ltr'>,iiij.d.</span> <span class='ocrx_word' id='word_1_144' title='bbox 1079 2823 1247 2888; x_wconf 92' lang='lat' dir='ltr'>Robertus</span> 
     </span>
     <span class='ocr_line' id='line_1_23' title="bbox 144 2924 1247 3011; baseline 0.003 -20"><span class='ocrx_word' id='word_1_145' title='bbox 144 2929 286 3011; x_wconf 81' lang='lat' dir='ltr'>lllorgon</span> <span class='ocrx_word' id='word_1_146' title='bbox 303 2946 361 3009; x_wconf 90' lang='lat' dir='ltr'>per</span> <span class='ocrx_word' id='word_1_147' title='bbox 381 2944 506 2988; x_wconf 89' lang='lat' dir='ltr'>annum</span> <span class='ocrx_word' id='word_1_148' title='bbox 523 2947 586 2990; x_wconf 69' lang='lat' dir='ltr'>.vs.</span> <span class='ocrx_word' id='word_1_149' title='bbox 633 2924 798 2989; x_wconf 89' lang='lat' dir='ltr'>Henricus</span> <span class='ocrx_word' id='word_1_150' title='bbox 822 2926 938 2990; x_wconf 86' lang='lat' dir='ltr'>Earles</span> <span class='ocrx_word' id='word_1_151' title='bbox 956 2946 1155 3010; x_wconf 87' lang='lat' dir='ltr'>perannum</span> <span class='ocrx_word' id='word_1_152' title='bbox 1171 2927 1247 3010; x_wconf 74' lang='lat' dir='ltr'>.vjs.</span> 
     </span>
     <span class='ocr_line' id='line_1_24' title="bbox 142 3030 1246 3118; baseline -0.002 -19"><span class='ocrx_word' id='word_1_153' title='bbox 142 3033 248 3117; x_wconf 88' lang='lat' dir='ltr'>.viij.d.</span> <span class='ocrx_word' id='word_1_154' title='bbox 286 3031 486 3115; x_wconf 91' lang='lat' dir='ltr'>Wyllelmus</span> <span class='ocrx_word' id='word_1_155' title='bbox 502 3030 621 3095; x_wconf 90' lang='lat' dir='ltr'>Somer</span> <span class='ocrx_word' id='word_1_156' title='bbox 636 3051 695 3113; x_wconf 92' lang='lat' dir='ltr'>per</span> <span class='ocrx_word' id='word_1_157' title='bbox 709 3050 835 3094; x_wconf 92' lang='lat' dir='ltr'>annum</span> <span class='ocrx_word' id='word_1_158' title='bbox 851 3052 914 3095; x_wconf 86' lang='lat' dir='ltr'>.v.s.</span> <span class='ocrx_word' id='word_1_159' title='bbox 956 3030 1096 3095; x_wconf 89' lang='lat' dir='ltr'>Summa</span> <span class='ocrx_word' id='word_1_160' title='bbox 1112 3032 1246 3118; x_wconf 63' lang='lat' dir='ltr'>.xxxs]</span> 
     </span>
    </p>
   </div>
   <div class='ocr_carea' id='block_1_4' title="bbox 269 3265 1132 3356">
    <p class='ocr_par' dir='ltr' id='par_1_14' title="bbox 269 3265 1132 3356">
     <span class='ocr_line' id='line_1_25' title="bbox 269 3265 1132 3356; baseline -0.007 -19"><span class='ocrx_word' id='word_1_161' title='bbox 269 3274 314 3337; x_wconf 91' lang='lat'>16.</span> <span class='ocrx_word' id='word_1_162' title='bbox 362 3272 530 3356; x_wconf 80' lang='lat' dir='ltr'>[Pynecote</span> <span class='ocrx_word' id='word_1_163' title='bbox 551 3268 723 3351; x_wconf 80' lang='lat' dir='ltr'>(Pincote),</span> <span class='ocrx_word' id='word_1_164' title='bbox 751 3268 918 3333; x_wconf 77' lang='lat' dir='ltr'>Tadelowe</span> <span class='ocrx_word' id='word_1_165' title='bbox 939 3265 1132 3351; x_wconf 82' lang='lat' dir='ltr'>(Tadlow).]</span> 
     </span>
    </p>
   </div>
   <div class='ocr_carea' id='block_1_5' title="bbox 144 3415 1364 3605">
    <p class='ocr_par' dir='ltr' id='par_1_15' title="bbox 144 3415 1364 3605">
     <span class='ocr_line' id='line_1_26' title="bbox 208 3415 1364 3499; baseline -0.009 -16"><span class='ocrx_word' id='word_1_166' title='bbox 208 3420 269 3484; x_wconf 90' lang='lat' dir='ltr'>Isti</span> <span class='ocrx_word' id='word_1_167' title='bbox 290 3430 367 3483; x_wconf 92' lang='lat' dir='ltr'>sunt</span> <span class='ocrx_word' id='word_1_168' title='bbox 391 3426 541 3483; x_wconf 91' lang='lat' dir='ltr'>tenentes</span> <span class='ocrx_word' id='word_1_169' title='bbox 564 3418 683 3481; x_wconf 88' lang='lat' dir='ltr'>Prioris</span> <span class='ocrx_word' id='word_1_170' title='bbox 703 3416 746 3481; x_wconf 91' lang='lat' dir='ltr'>de</span> <span class='ocrx_word' id='word_1_171' title='bbox 764 3415 964 3479; x_wconf 87' lang='lat' dir='ltr'>Bernewelle</span> <span class='ocrx_word' id='word_1_172' title='bbox 981 3415 1014 3478; x_wconf 91' lang='lat' dir='ltr'>in</span> <span class='ocrx_word' id='word_1_173' title='bbox 1032 3416 1200 3499; x_wconf 91' lang='lat' dir='ltr'>Pynecote</span> <span class='ocrx_word' id='word_1_174' title='bbox 1215 3422 1248 3477; x_wconf 92' lang='lat' dir='ltr'>et</span> <span class='ocrx_word' id='word_1_175' title='bbox 1261 3424 1281 3476; x_wconf 82' lang='lat' dir='ltr'>f.</span> <span class='ocrx_word' id='word_1_176' title='bbox 1293 3424 1364 3488; x_wconf 63' lang='lat'>1651)</span> 
     </span>
     <span class='ocr_line' id='line_1_27' title="bbox 144 3541 342 3605; baseline -0.01 0"><span class='ocrx_word' id='word_1_177' title='bbox 144 3541 322 3605; x_wconf 89' lang='lat' dir='ltr'>Tadelowe</span> <span class='ocrx_word' id='word_1_178' title='bbox 335 3565 342 3603; x_wconf 78' lang='grc' dir='ltr'>ε</span> 
     </span>
    </p>
   </div>
   <div class='ocr_carea' id='block_1_6' title="bbox 143 3680 1251 4399">
    <p class='ocr_par' dir='ltr' id='par_1_16' title="bbox 143 3680 1249 3870">
     <span class='ocr_line' id='line_1_28' title="bbox 207 3680 1248 3749; baseline -0.006 0"><span class='ocrx_word' id='word_1_179' title='bbox 207 3683 395 3749; x_wconf 89' lang='lat' dir='ltr'>Willelmus</span> <span class='ocrx_word' id='word_1_180' title='bbox 432 3682 474 3746; x_wconf 92' lang='lat' dir='ltr'>de</span> <span class='ocrx_word' id='word_1_181' title='bbox 513 3681 694 3746; x_wconf 88' lang='lat' dir='ltr'>Assewelle</span> <span class='ocrx_word' id='word_1_182' title='bbox 732 3682 765 3745; x_wconf 92' lang='lat' dir='ltr'>in</span> <span class='ocrx_word' id='word_1_183' title='bbox 803 3680 983 3745; x_wconf 90' lang='lat' dir='ltr'>Tadelowe</span> <span class='ocrx_word' id='word_1_184' title='bbox 1021 3689 1112 3744; x_wconf 91' lang='lat' dir='ltr'>tenet</span> <span class='ocrx_word' id='word_1_185' title='bbox 1148 3700 1248 3745; x_wconf 88' lang='lat' dir='ltr'>unam</span> 
     </span>
     <span class='ocr_line' id='line_1_29' title="bbox 143 3786 1249 3870; baseline -0.006 -15"><span class='ocrx_word' id='word_1_186' title='bbox 143 3790 293 3865; x_wconf 86' lang='lat' dir='ltr'>croltam,</span> <span class='ocrx_word' id='word_1_187' title='bbox 310 3800 344 3853; x_wconf 87' lang='lat' dir='ltr'>ct</span> <span class='ocrx_word' id='word_1_188' title='bbox 360 3790 468 3853; x_wconf 89' lang='lat' dir='ltr'>reddit</span> <span class='ocrx_word' id='word_1_189' title='bbox 484 3788 562 3851; x_wconf 92' lang='lat' dir='ltr'>inde</span> <span class='ocrx_word' id='word_1_190' title='bbox 583 3808 642 3870; x_wconf 91' lang='lat' dir='ltr'>per</span> <span class='ocrx_word' id='word_1_191' title='bbox 658 3807 782 3851; x_wconf 91' lang='lat' dir='ltr'>annum</span> <span class='ocrx_word' id='word_1_192' title='bbox 798 3787 865 3869; x_wconf 87' lang='lat' dir='ltr'>.iiij.</span> <span class='ocrx_word' id='word_1_193' title='bbox 880 3786 1006 3851; x_wconf 92' lang='lat' dir='ltr'>solidos</span> <span class='ocrx_word' id='word_1_194' title='bbox 1022 3786 1049 3869; x_wconf 90' lang='lat' dir='ltr'>.j.</span> <span class='ocrx_word' id='word_1_195' title='bbox 1066 3786 1249 3851; x_wconf 90' lang='lat' dir='ltr'>denarium.</span> 
     </span>
    </p>

    <p class='ocr_par' dir='ltr' id='par_1_17' title="bbox 143 3889 1250 4171">
     <span class='ocr_line' id='line_1_30' title="bbox 209 3889 1250 3975; baseline -0.004 -18"><span class='ocrx_word' id='word_1_196' title='bbox 209 3892 379 3975; x_wconf 87' lang='lat' dir='ltr'>Johannes</span> <span class='ocrx_word' id='word_1_197' title='bbox 404 3893 562 3956; x_wconf 87' lang='lat' dir='ltr'>Bercator</span> <span class='ocrx_word' id='word_1_198' title='bbox 582 3900 676 3955; x_wconf 89' lang='lat' dir='ltr'>tenet</span> <span class='ocrx_word' id='word_1_199' title='bbox 698 3892 846 3974; x_wconf 90' lang='lat' dir='ltr'>quinque</span> <span class='ocrx_word' id='word_1_200' title='bbox 869 3911 962 3955; x_wconf 87' lang='lat' dir='ltr'>acras</span> <span class='ocrx_word' id='word_1_201' title='bbox 983 3900 1069 3955; x_wconf 93' lang='lat' dir='ltr'>terre</span> <span class='ocrx_word' id='word_1_202' title='bbox 1087 3890 1130 3955; x_wconf 92' lang='lat' dir='ltr'>de</span> <span class='ocrx_word' id='word_1_203' title='bbox 1152 3889 1250 3955; x_wconf 92' lang='lat' dir='ltr'>seodo</span> 
     </span>
     <span class='ocr_line' id='line_1_31' title="bbox 147 3996 1249 4089; baseline -0.004 -26"><span class='ocrx_word' id='word_1_204' title='bbox 147 4000 302 4083; x_wconf 85' lang='lat' dir='ltr'>Hugonis</span> <span class='ocrx_word' id='word_1_205' title='bbox 323 3999 430 4089; x_wconf 78' lang='lat' dir='ltr'>clerici</span> <span class='ocrx_word' id='word_1_206' title='bbox 452 4019 511 4083; x_wconf 91' lang='lat' dir='ltr'>per</span> <span class='ocrx_word' id='word_1_207' title='bbox 531 3997 734 4080; x_wconf 83' lang='lat' dir='ltr'>homagium,</span> <span class='ocrx_word' id='word_1_208' title='bbox 753 4006 787 4061; x_wconf 90' lang='lat' dir='ltr'>et</span> <span class='ocrx_word' id='word_1_209' title='bbox 810 3997 921 4062; x_wconf 91' lang='lat' dir='ltr'>reddit</span> <span class='ocrx_word' id='word_1_210' title='bbox 943 3996 1021 4061; x_wconf 90' lang='lat' dir='ltr'>inde</span> <span class='ocrx_word' id='word_1_211' title='bbox 1044 4016 1249 4080; x_wconf 82' lang='lat' dir='ltr'>perannum</span> 
     </span>
     <span class='ocr_line' id='line_1_32' title="bbox 143 4103 366 4171; baseline -0.018 0"><span class='ocrx_word' id='word_1_212' title='bbox 143 4128 181 4171; x_wconf 90' lang='lat' dir='ltr'>.v.</span> <span class='ocrx_word' id='word_1_213' title='bbox 204 4103 366 4168; x_wconf 87' lang='lat' dir='ltr'>denarios.</span> 
     </span>
    </p>

    <p class='ocr_par' dir='ltr' id='par_1_18' title="bbox 145 4206 1251 4399">
     <span class='ocr_line' id='line_1_33' title="bbox 212 4206 1251 4290; baseline -0.002 -18"><span class='ocrx_word' id='word_1_214' title='bbox 212 4210 303 4273; x_wconf 91' lang='lat' dir='ltr'>Prior</span> <span class='ocrx_word' id='word_1_215' title='bbox 317 4209 361 4272; x_wconf 91' lang='lat' dir='ltr'>de</span> <span class='ocrx_word' id='word_1_216' title='bbox 377 4207 612 4272; x_wconf 85' lang='lat' dir='ltr'>Chikesaunde</span> <span class='ocrx_word' id='word_1_217' title='bbox 627 4206 660 4270; x_wconf 92' lang='lat' dir='ltr'>in</span> <span class='ocrx_word' id='word_1_218' title='bbox 678 4206 858 4272; x_wconf 87' lang='lat' dir='ltr'>Tadelowe</span> <span class='ocrx_word' id='word_1_219' title='bbox 873 4207 974 4271; x_wconf 92' lang='lat' dir='ltr'>debet</span> <span class='ocrx_word' id='word_1_220' title='bbox 994 4206 1134 4290; x_wconf 88' lang='lat' dir='ltr'>singulis</span> <span class='ocrx_word' id='word_1_221' title='bbox 1155 4206 1251 4271; x_wconf 89' lang='lat' dir='ltr'>annis</span> 
     </span>
     <span class='ocr_line' id='line_1_34' title="bbox 145 4310 1001 4399; baseline -0.005 -21"><span class='ocrx_word' id='word_1_222' title='bbox 145 4336 206 4399; x_wconf 91' lang='lat' dir='ltr'>pro</span> <span class='ocrx_word' id='word_1_223' title='bbox 221 4312 358 4386; x_wconf 87' lang='lat' dir='ltr'>decimis</span> <span class='ocrx_word' id='word_1_224' title='bbox 374 4312 439 4375; x_wconf 88' lang='lat' dir='ltr'>seni</span> <span class='ocrx_word' id='word_1_225' title='bbox 456 4322 490 4376; x_wconf 89' lang='lat' dir='ltr'>et</span> <span class='ocrx_word' id='word_1_226' title='bbox 507 4310 688 4375; x_wconf 90' lang='lat' dir='ltr'>molendini</span> <span class='ocrx_word' id='word_1_227' title='bbox 704 4313 852 4394; x_wconf 91' lang='lat' dir='ltr'>quinque</span> <span class='ocrx_word' id='word_1_228' title='bbox 867 4311 1001 4375; x_wconf 92' lang='lat' dir='ltr'>solidos.</span> 
     </span>
    </p>
   </div>
   <div class='ocr_carea' id='block_1_7' title="bbox 417 4464 980 4532">
    <p class='ocr_par' dir='ltr' id='par_1_19' title="bbox 417 4464 980 4532">
     <span class='ocr_line' id='line_1_35' title="bbox 417 4464 980 4532; baseline 0.002 -17"><span class='ocrx_word' id='word_1_229' title='bbox 417 4464 424 4496; x_wconf 84' lang='lat'><strong>¹</strong></span> <span class='ocrx_word' id='word_1_230' title='bbox 444 4467 504 4531; x_wconf 64' lang='lat' dir='ltr'>xxj„</span> <span class='ocrx_word' id='word_1_231' title='bbox 520 4468 574 4518; x_wconf 86' lang='lat' dir='ltr'>MS.</span> <span class='ocrx_word' id='word_1_232' title='bbox 742 4466 752 4497; x_wconf 73' lang='lat'>&#39;²</span> <span class='ocrx_word' id='word_1_233' title='bbox 768 4468 907 4532; x_wconf 86' lang='lat' dir='ltr'>quodlibet,</span> <span class='ocrx_word' id='word_1_234' title='bbox 922 4469 980 4518; x_wconf 82' lang='lat' dir='ltr'>MS.</span> 
     </span>
    </p>
   </div>
   <div class='ocr_carea' id='block_1_8' title="bbox 0 0 1632 5059">
    <p class='ocr_par' dir='ltr' id='par_1_20' title="bbox 0 0 1632 5059">
     <span class='ocr_line' id='line_1_36' title="bbox 0 0 1632 5059; baseline 0 0"><span class='ocrx_word' id='word_1_235' title='bbox 0 0 1632 5059; x_wconf 95' lang='lat' dir='ltr'> </span> 
     </span>
    </p>
   </div>
   <div class='ocr_carea' id='block_1_9' title="bbox 1613 0 1619 1086">
    <p class='ocr_par' dir='ltr' id='par_1_21' title="bbox 1613 0 1619 1086">
     <span class='ocr_line' id='line_1_37' title="bbox 1613 0 1619 1086; baseline 0 0"><span class='ocrx_word' id='word_1_236' title='bbox 1613 0 1619 1086; x_wconf 95' lang='lat' dir='ltr'> </span> 
     </span>
    </p>
   </div>
  </div>
 </body>
</html>
