3234 5059
354 371 423 440 194
583 346 658 422 Tlre
683 346 868 422 Nonm'ch
901 347 1093 433 Taxation,
1129 352 1222 441 1256
1334 345 1455 446 [Boox

351 531 430 585 Prior
449 531 486 586 de
507 530 681 586 Huntedone
703 530 732 584 in

384 619 485 675 eadem
750 619 805 688 .iiij.
852 637 931 674 marc
1001 619 1138 674 vicesima
1208 619 1333 689 .xxxij.d

350 709 534 779 Pappewrthe
547 709 675 764 Euerard
751 709 806 764 .vii.
820 726 898 764 marc
912 709 1024 764 et.xi.d
1051 748 1069 777 „
1211 707 1266 764 .iiii.
1280 727 1294 764 s
1308 709 1374 764 .x.d

351 797 429 851 Prior
452 797 489 852 de
514 797 680 866 Swaueseye
705 795 734 851 in

384 883 486 939 eadem
751 903 803 939 .xx.
857 884 901 938 sol
1054 925 1070 952 ,‚
1212 884 1297 940 ,xiid

350 973 509 1040 Conigrone
752 991 784 1028 .c.
875 1012 891 1041 „
1052 1013 1068 1040 „
1211 989 1244 1026 .v.
1259 973 1302 1027 sol

351 1061 551 1128 Fendraytone
754 1059 819 1115 .viii.
855 1077 933 1115 marc
1052 1099 1069 1128 „
1210 1059 1375 1114 .v.s.iiii.d

351 1146 538 1215 Swauesheye
756 1167 806 1202 ooo
879 1187 897 1214 ,.
1055 1187 1072 1215 ,,
1215 1149 1240 1218 .j.
1255 1165 1333 1203 marc

350 1235 456 1290 vicaria
468 1217 596 1290 eiu⁸sdem
756 1253 787 1290 .c.
858 1236 902 1291 soi
1054 1277 1070 1306 „
1212 1253 1246 1290 .v.
1260 1237 1302 1290 sol

352 1324 534 1379 Bokeswrthe
755 1343 806 1380 ‚roo
855 1341 934 1380 marc
1052 1365 1068 1393 ‚,
1210 1325 1236 1394 .j.
1250 1342 1328 1380 marc

352 1412 535 1468 Lolleswrthe
753 1429 786 1468 .c.
857 1414 900 1467 sol
1054 1453 1070 1481 ,‚
1212 1432 1246 1467 .v.
1260 1413 1303 1467 sol

352 1499 431 1555 Prior
452 1501 489 1555 de
511 1501 681 1556 Bernewelle
706 1500 735 1554 in

386 1587 487 1644 eadem
755 1587 803 1658 .iij.
844 1574 936 1643 'marc
1054 1628 1072 1658 „
1213 1588 1248 1658 .ij.
1262 1587 1305 1642 sol

351 1677 512 1748 Cnapwelle
754 1677 798 1732 .vi.
876 1716 892 1747 „
1053 1717 1070 1746 „
1212 1677 1269 1732 .iiii.
1283 1677 1325 1732 sol

350 1765 526 1821 Eleswortbe
754 1765 826 1822 .xxii.
839 1783 917 1821 marc
930 1775 959 1822 et
971 1765 1032 1821 dim
1054 1805 1072 1834 „
1214 1785 1266 1820 .xv.
1280 1766 1323 1820 sol

352 1855 432 1910 Prior
450 1855 485 1910 de
505 1855 611 1910 Sancto
629 1854 735 1924 yuone¹

387 1943 415 1998 in
429 1944 530 2000 eadem
753 1963 787 1998 .x.
857 1961 935 1999 marc
1054 1983 1070 2012 ,‚
1212 1943 1272 1998 dim
1285 1959 1363 1998 marc

352 2031 494 2088 Childerle
506 2032 596 2086 maior
754 2031 797 2087 .ix.
877 2070 894 2100 ‚,
1053 2071 1070 2100 ‚‚
1211 2031 1256 2101 .vj.
1270 2031 1313 2086 sol

352 2121 493 2178 Childerie
505 2119 598 2175 minor
752 2139 803 2174 .xro
859 2120 901 2175 sol
1054 2159 1072 2190 „
1213 2120 1300 2191 .xij.d

350 2211 449 2265 Abbas
472 2209 507 2263 de
530 2210 688 2278 Rameseye
707 2207 737 2262 in

387 2297 507 2354 Grauele
754 2297 811 2352 .iiii.
858 2314 935 2352 marc
1054 2337 1071 2365 „
1213 2296 1336 2367 .xxxij.d

352 2387 434 2442 Idem
465 2386 564 2441 Abbas
595 2387 624 2440 in
656 2386 735 2440 Eles-

384 2475 491 2530 worthe
754 2493 788 2528 .x.
876 2514 892 2542 „
1052 2512 1069 2540 „
1212 2473 1271 2529 dim
1283 2490 1362 2529 marc

352 2566 432 2620 Idem
457 2565 556 2620 Abbas
586 2562 614 2618 in
643 2565 737 2634 Cnap·

385 2653 464 2709 welle
753 2652 797 2706 ‚xi
856 2652 899 2706 sol
1052 2691 1069 2719 „
1211 2651 1248 2720 .ij.
1261 2651 1304 2706 sol

189 2833 340 2926 gggssgffl‘
417 2825 611 2890 Decanatus
627 2825 669 2888 de
686 2825 822 2889 Brunne

352 2955 552 3025 Gamenegeye
754 2954 837 3009 .xxiii.
857 2971 935 3010 marc
1006 2954 1143 3010 vicesima
1214 2974 1265 3010 .xv.
1279 2972 1293 3008 s
1305 2953 1362 3008 .iiii.
1376 2955 1396 3008 d

353 3043 578 3112 Hungerhattele
753 3043 810 3099 .iiii.
877 3082 894 3111 ,‚
1053 3082 1070 3112 ,‚
1213 3041 1303 3112 .xxxij.
1317 3044 1336 3097 d

353 3130 432 3185 Prior
453 3131 489 3186 de
513 3131 683 3186 Bernewelle
708 3132 736 3186 in

387 3219 487 3274 eadem
755 3221 781 3289 .j.
877 3261 894 3290 ‚,
1055 3260 1072 3288 „
1087 3267 1097 3292 ‚
1215 3219 1279 3288 .viij.
1292 3219 1312 3274 d

353 3309 494 3363 Croxtone
753 3327 804 3364 .xv.
877 3347 894 3377 „
1063 3349 1070 3376 ,
1213 3327 1245 3361 .x.
1260 3309 1302 3361 sol

353 3395 480 3449 Caxtone
757 3435 763 3448 .
802 3435 808 3449 .
890 3435 898 3462 ,
1068 3437 1075 3464 ,
1217 3414 1250 3449 oo
1265 3395 1308 3450 sol

355 3484 526 3537 Stowecum
539 3483 645 3538 vicaria
758 3525 764 3538 .
891 3525 898 3550 ‚
1057 3523 1075 3552 ‚,
1216 3483 1260 3537 .xi.
1275 3483 1317 3537 sol

355 3569 463 3624 Eltesle
758 3611 764 3624 .
804 3570 820 3624 ’.
879 3612 887 3638 ,
1056 3611 1073 3639 „
1214 3571 1289 3626 .xiiii.
1303 3571 1346 3625 sol
1469 3637 1471 3641 ι

354 3658 469 3716 Brunne
757 3699 763 3712 .
1056 3699 1073 3727 „
1215 3659 1436 3715 .xviii.s.viii.d

278 3750 295 3800 i.
310 3763 340 3816 73
355 3745 507 3801 Caldecote
758 3787 764 3800 .
785 3788 791 3802 .
1056 3788 1072 3817 ‚,
1215 3748 1259 3801 .xl.
1272 3749 1329 3802 den

354 3833 536 3888 Grantedene
757 3873 763 3886 .
801 3873 809 3886 .
881 3873 888 3901 ,
1058 3876 1066 3902 ,
1216 3835 1242 3904 .j.
1256 3851 1334 3889 marc

354 3920 531 3989 Kingestone
755 3960 762 3974 .
888 3961 896 3989 ,
1215 3940 1249 3977 .v.
1263 3940 1277 3977 s
1290 3921 1346 3977 .iiii.
1359 3922 1379 3976 d

355 4008 435 4064 Prior
456 4008 491 4065 de
515 4009 686 4066 Bernewelle
709 4007 736 4064 in

389 4098 490 4154 eadem
758 4097 803 4152 .iii.
879 4137 896 4166 ‚‚
1065 4139 1073 4167 ,
1215 4100 1252 4169 .ij.
1266 4100 1308 4154 sol

355 4186 538 4242 Eueresdone
551 4204 638 4258 parua
757 4187 801 4242 .vi.
878 4227 895 4255 ‚‚
1055 4229 1063 4257 ,
1215 4189 1272 4244 .iiii.
1286 4189 1329 4244 soi

355 4274 494 4330 Priorissa
504 4276 541 4331 de
557 4275 738 4346 Markeyate²
777 4322 778 4326 ,

389 4363 419 4417 in
432 4364 532 4420 eadem
756 4384 790 4420 .v.
880 4404 897 4434 ,‚
1057 4406 1075 4434 ‚,
1216 4367 1293 4422 .de

517 4493 526 4526 ¹
543 4495 572 4546 St
590 4495 655 4554 Iros,
674 4495 769 4548 Hunis.
1031 4495 1200 4564 'Morkyote,
1219 4499 1292 4549 Beda
