<?xml version="1.0" encoding="UTF-8"?>
<!DOCTYPE html PUBLIC "-//W3C//DTD XHTML 1.0 Transitional//EN"
    "http://www.w3.org/TR/xhtml1/DTD/xhtml1-transitional.dtd">
<html xmlns="http://www.w3.org/1999/xhtml" xml:lang="en" lang="en">
 <head>
  <title>
</title>
<meta http-equiv="Content-Type" content="text/html;charset=utf-8" />
  <meta name='ocr-system' content='tesseract 3.04.00' />
  <meta name='ocr-capabilities' content='ocr_page ocr_carea ocr_par ocr_line ocrx_word'/>
</head>
<body>
  <div class='ocr_page' id='page_1' title='image "./libermemorandor00clargoog/libermemorandor00clargoog_0173.png"; bbox 0 0 3234 5059; ppageno 0'>
   <div class='ocr_carea' id='block_1_1' title="bbox 164 387 1266 489">
    <p class='ocr_par' dir='ltr' id='par_1_1' title="bbox 164 387 1266 489">
     <span class='ocr_line' id='line_1_1' title="bbox 164 387 1266 489; baseline 0.003 -28"><span class='ocrx_word' id='word_1_1' title='bbox 164 387 226 487; x_wconf 90' lang='lat'>111]</span> <span class='ocrx_word' id='word_1_2' title='bbox 378 388 499 463; x_wconf 86' lang='lat' dir='ltr'><strong>Land</strong></span> <span class='ocrx_word' id='word_1_3' title='bbox 517 389 675 464; x_wconf 74' lang='lat' dir='ltr'><strong>claimed</strong></span> <span class='ocrx_word' id='word_1_4' title='bbox 696 391 741 488; x_wconf 86' lang='lat' dir='ltr'><strong>by</strong></span> <span class='ocrx_word' id='word_1_5' title='bbox 765 389 897 489; x_wconf 75' lang='lat' dir='ltr'><strong>Agnes</strong></span> <span class='ocrx_word' id='word_1_6' title='bbox 922 392 1053 466; x_wconf 81' lang='lat' dir='ltr'><strong>Morel</strong></span> <span class='ocrx_word' id='word_1_7' title='bbox 1201 410 1266 483; x_wconf 85' lang='lat'><strong>105</strong></span> 
     </span>
    </p>
   </div>
   <div class='ocr_carea' id='block_1_2' title="bbox 161 576 1433 4209">
    <p class='ocr_par' dir='ltr' id='par_1_2' title="bbox 161 576 1433 1077">
     <span class='ocr_line' id='line_1_2' title="bbox 163 576 1403 663; baseline 0 -22"><span class='ocrx_word' id='word_1_8' title='bbox 163 586 214 641; x_wconf 84' lang='lat' dir='ltr'><strong>est</strong></span> <span class='ocrx_word' id='word_1_9' title='bbox 228 576 319 660; x_wconf 91' lang='lat' dir='ltr'><strong>quod</strong></span> <span class='ocrx_word' id='word_1_10' title='bbox 335 597 411 640; x_wconf 92' lang='lat' dir='ltr'><strong>cum</strong></span> <span class='ocrx_word' id='word_1_11' title='bbox 428 597 517 641; x_wconf 92' lang='lat' dir='ltr'><strong>anno</strong></span> <span class='ocrx_word' id='word_1_12' title='bbox 529 579 622 661; x_wconf 84' lang='lat' dir='ltr'><strong>regni</strong></span> <span class='ocrx_word' id='word_1_13' title='bbox 639 578 742 661; x_wconf 85' lang='lat' dir='ltr'><strong>Regis</strong></span> <span class='ocrx_word' id='word_1_14' title='bbox 758 578 895 643; x_wconf 91' lang='lat' dir='ltr'><strong>chrici</strong></span> <span class='ocrx_word' id='word_1_15' title='bbox 912 579 969 663; x_wconf 90' lang='lat' dir='ltr'><strong>filij</strong></span> <span class='ocrx_word' id='word_1_16' title='bbox 990 580 1092 662; x_wconf 84' lang='lat' dir='ltr'><strong>Regis</strong></span> <span class='ocrx_word' id='word_1_17' title='bbox 1107 578 1270 663; x_wconf 89' lang='lat' dir='ltr'><strong>Johannis</strong></span> <span class='ocrx_word' id='word_1_18' title='bbox 1283 598 1403 642; x_wconf 70' lang='lat' dir='ltr'><strong>meme</strong></span> 
     </span>
     <span class='ocr_line' id='line_1_3' title="bbox 161 650 1433 763; baseline -0.003 -18"><span class='ocrx_word' id='word_1_19' title='bbox 161 680 240 763; x_wconf 78' lang='lat' dir='ltr'><strong>‚liij⁰.</strong></span> <span class='ocrx_word' id='word_1_20' title='bbox 271 682 305 743; x_wconf 92' lang='lat' dir='ltr'><strong>in</strong></span> <span class='ocrx_word' id='word_1_21' title='bbox 336 683 481 746; x_wconf 88' lang='lat' dir='ltr'><strong>crastino</strong></span> <span class='ocrx_word' id='word_1_22' title='bbox 511 683 729 747; x_wconf 87' lang='lat' dir='ltr'><strong>Assencionis</strong></span> <span class='ocrx_word' id='word_1_23' title='bbox 759 684 936 761; x_wconf 88' lang='lat' dir='ltr'><strong>dominice,</strong></span> <span class='ocrx_word' id='word_1_24' title='bbox 967 683 1122 748; x_wconf 91' lang='lat' dir='ltr'><strong>videlicet</strong></span> <span class='ocrx_word' id='word_1_25' title='bbox 1152 684 1184 747; x_wconf 92' lang='lat' dir='ltr'><strong>in</strong></span> <span class='ocrx_word' id='word_1_26' title='bbox 1215 650 1433 750; x_wconf 61' lang='lat' dir='ltr'><strong>dielllffl‘ln</strong></span> 
     </span>
     <span class='ocr_line' id='line_1_4' title="bbox 164 750 1401 892; baseline -0.006 -44"><span class='ocrx_word' id='word_1_27' title='bbox 164 784 377 849; x_wconf 90' lang='lat' dir='ltr'><strong>lnuencionis</strong></span> <span class='ocrx_word' id='word_1_28' title='bbox 399 787 523 851; x_wconf 88' lang='lat' dir='ltr'><strong>Sancte</strong></span> <span class='ocrx_word' id='word_1_29' title='bbox 544 786 669 863; x_wconf 85' lang='lat' dir='ltr'>Crucis,</span> <span class='ocrx_word' id='word_1_30' title='bbox 686 786 774 851; x_wconf 83' lang='lat' dir='ltr'><strong>facta</strong></span> <span class='ocrx_word' id='word_1_31' title='bbox 794 787 857 852; x_wconf 83' lang='lat' dir='ltr'><strong>suit</strong></span> <span class='ocrx_word' id='word_1_32' title='bbox 879 788 1054 873; x_wconf 91' lang='lat' dir='ltr'><strong>inquisicio</strong></span> <span class='ocrx_word' id='word_1_33' title='bbox 1074 787 1170 870; x_wconf 86' lang='lat' dir='ltr'><strong>apud&#39;</strong></span> <span class='ocrx_word' id='word_1_34' title='bbox 1182 786 1269 853; x_wconf 90' lang='lat' dir='ltr'><strong>Can·</strong></span> <span class='ocrx_word' id='word_1_35' title='bbox 1282 750 1401 892; x_wconf 49' lang='lat' dir='ltr'><strong>{liulfi</strong></span> 
     </span>
     <span class='ocr_line' id='line_1_5' title="bbox 161 851 1429 1003; baseline 0 -52"><span class='ocrx_word' id='word_1_36' title='bbox 161 888 338 970; x_wconf 85' lang='lat' dir='ltr'><strong>tebrigiam</strong></span> <span class='ocrx_word' id='word_1_37' title='bbox 358 910 471 953; x_wconf 93' lang='lat' dir='ltr'><strong>coram</strong></span> <span class='ocrx_word' id='word_1_38' title='bbox 492 888 632 953; x_wconf 93' lang='lat' dir='ltr'><strong>domino</strong></span> <span class='ocrx_word' id='word_1_39' title='bbox 651 890 805 973; x_wconf 89' lang='lat' dir='ltr'><strong>Johanne</strong></span> <span class='ocrx_word' id='word_1_40' title='bbox 827 892 858 955; x_wconf 94' lang='lat' dir='ltr'><strong>le</strong></span> <span class='ocrx_word' id='word_1_41' title='bbox 881 891 1007 975; x_wconf 89' lang='lat' dir='ltr'><strong>Moyne</strong></span> <span class='ocrx_word' id='word_1_42' title='bbox 1028 902 1108 957; x_wconf 88' lang='lat' dir='ltr'><strong>tunc</strong></span> <span class='ocrx_word' id='word_1_43' title='bbox 1132 890 1268 954; x_wconf 91' lang='lat' dir='ltr'><strong>Domini</strong></span> <span class='ocrx_word' id='word_1_44' title='bbox 1280 851 1429 1003; x_wconf 41' lang='lat' dir='ltr'><strong>lali&amp;</strong></span> 
     </span>
     <span class='ocr_line' id='line_1_6' title="bbox 163 992 1270 1077; baseline 0.001 -22"><span class='ocrx_word' id='word_1_45' title='bbox 163 992 267 1075; x_wconf 88' lang='lat' dir='ltr'><strong>Regis</strong></span> <span class='ocrx_word' id='word_1_46' title='bbox 290 992 491 1057; x_wconf 89' lang='lat' dir='ltr'><strong>exchaetore</strong></span> <span class='ocrx_word' id='word_1_47' title='bbox 513 994 597 1057; x_wconf 91' lang='lat' dir='ltr'><strong>citra</strong></span> <span class='ocrx_word' id='word_1_48' title='bbox 620 994 791 1071; x_wconf 91' lang='lat' dir='ltr'><strong>Trentam,</strong></span> <span class='ocrx_word' id='word_1_49' title='bbox 806 1014 866 1077; x_wconf 88' lang='lat' dir='ltr'><strong>per</strong></span> <span class='ocrx_word' id='word_1_50' title='bbox 888 995 989 1059; x_wconf 88' lang='lat' dir='ltr'><strong>breue</strong></span> <span class='ocrx_word' id='word_1_51' title='bbox 1012 993 1141 1058; x_wconf 91' lang='lat' dir='ltr'><strong>domini</strong></span> <span class='ocrx_word' id='word_1_52' title='bbox 1167 994 1270 1077; x_wconf 82' lang='lat' dir='ltr'><strong>Regis</strong></span> 
     </span>
    </p>

    <p class='ocr_par' dir='ltr' id='par_1_3' title="bbox 162 1096 1270 1181">
     <span class='ocr_line' id='line_1_7' title="bbox 162 1096 1270 1181; baseline 0.001 -22"><span class='ocrx_word' id='word_1_53' title='bbox 162 1096 225 1160; x_wconf 90' lang='lat' dir='ltr'>sibi</span> <span class='ocrx_word' id='word_1_54' title='bbox 252 1096 425 1174; x_wconf 87' lang='lat' dir='ltr'><strong>directum,</strong></span> <span class='ocrx_word' id='word_1_55' title='bbox 451 1116 511 1179; x_wconf 90' lang='lat' dir='ltr'><strong>pro</strong></span> <span class='ocrx_word' id='word_1_56' title='bbox 536 1096 684 1181; x_wconf 92' lang='lat' dir='ltr'><strong>quadam</strong></span> <span class='ocrx_word' id='word_1_57' title='bbox 711 1096 849 1162; x_wconf 86' lang='lat' dir='ltr'><strong>muliere</strong></span> <span class='ocrx_word' id='word_1_58' title='bbox 875 1098 965 1163; x_wconf 89' lang='lat' dir='ltr'><strong>dicta</strong></span> <span class='ocrx_word' id='word_1_59' title='bbox 990 1098 1127 1180; x_wconf 85' lang='lat' dir='ltr'><strong>Agneta</strong></span> <span class='ocrx_word' id='word_1_60' title='bbox 1154 1097 1270 1174; x_wconf 90' lang='lat' dir='ltr'><strong>Morel‚</strong></span> 
     </span>
    </p>

    <p class='ocr_par' dir='ltr' id='par_1_4' title="bbox 163 1199 1270 1285">
     <span class='ocr_line' id='line_1_8' title="bbox 163 1199 1270 1285; baseline 0.002 -22"><span class='ocrx_word' id='word_1_61' title='bbox 163 1199 230 1265; x_wconf 91' lang='lat' dir='ltr'><strong>alio</strong></span> <span class='ocrx_word' id='word_1_62' title='bbox 254 1201 391 1265; x_wconf 91' lang='lat' dir='ltr'><strong>nomine</strong></span> <span class='ocrx_word' id='word_1_63' title='bbox 422 1201 584 1285; x_wconf 83' lang='lat' dir='ltr'><strong>Noteling</strong></span> <span class='ocrx_word' id='word_1_64' title='bbox 610 1201 793 1276; x_wconf 87' lang='lat' dir='ltr'><strong>nominata,</strong></span> <span class='ocrx_word' id='word_1_65' title='bbox 822 1222 921 1285; x_wconf 88' lang='lat' dir='ltr'><strong>super</strong></span> <span class='ocrx_word' id='word_1_66' title='bbox 946 1201 1078 1267; x_wconf 91' lang='lat' dir='ltr'><strong>duobus</strong></span> <span class='ocrx_word' id='word_1_67' title='bbox 1105 1201 1270 1266; x_wconf 86' lang='lat' dir='ltr'><strong>articulis:</strong></span> 
     </span>
    </p>

    <p class='ocr_par' dir='ltr' id='par_1_5' title="bbox 163 1304 1270 1371">
     <span class='ocr_line' id='line_1_9' title="bbox 163 1304 1270 1371; baseline -0.001 -2"><span class='ocrx_word' id='word_1_68' title='bbox 163 1314 272 1369; x_wconf 87' lang='lat' dir='ltr'><strong>vtrum</strong></span> <span class='ocrx_word' id='word_1_69' title='bbox 284 1305 438 1370; x_wconf 86' lang='lat' dir='ltr'><strong>videlicet</strong></span> <span class='ocrx_word' id='word_1_70' title='bbox 456 1305 549 1369; x_wconf 84' lang='lat' dir='ltr'>Prior</span> <span class='ocrx_word' id='word_1_71' title='bbox 562 1314 596 1369; x_wconf 89' lang='lat' dir='ltr'><strong>et</strong></span> <span class='ocrx_word' id='word_1_72' title='bbox 615 1304 810 1369; x_wconf 87' lang='lat' dir='ltr'><strong>Conuentus</strong></span> <span class='ocrx_word' id='word_1_73' title='bbox 822 1306 864 1369; x_wconf 93' lang='lat' dir='ltr'><strong>de</strong></span> <span class='ocrx_word' id='word_1_74' title='bbox 878 1304 1079 1369; x_wconf 89' lang='lat' dir='ltr'><strong>Bernewelle</strong></span> <span class='ocrx_word' id='word_1_75' title='bbox 1094 1306 1270 1371; x_wconf 91' lang='lat' dir='ltr'><strong>dimidium</strong></span> 
     </span>
    </p>

    <p class='ocr_par' dir='ltr' id='par_1_6' title="bbox 162 1407 1270 1701">
     <span class='ocr_line' id='line_1_10' title="bbox 163 1407 1270 1493; baseline 0.001 -21"><span class='ocrx_word' id='word_1_76' title='bbox 163 1407 251 1473; x_wconf 83' lang='lat' dir='ltr'><strong>leodi</strong></span> <span class='ocrx_word' id='word_1_77' title='bbox 274 1409 372 1473; x_wconf 90' lang='lat' dir='ltr'><strong>unius</strong></span> <span class='ocrx_word' id='word_1_78' title='bbox 392 1410 508 1473; x_wconf 89' lang='lat' dir='ltr'><strong>militis</strong></span> <span class='ocrx_word' id='word_1_79' title='bbox 529 1418 681 1473; x_wconf 84' lang='lat' dir='ltr'><strong>tenerent</strong></span> <span class='ocrx_word' id='word_1_80' title='bbox 706 1410 739 1471; x_wconf 92' lang='lat' dir='ltr'><strong>in</strong></span> <span class='ocrx_word' id='word_1_81' title='bbox 762 1412 873 1491; x_wconf 89' lang='lat' dir='ltr'><strong>capite</strong></span> <span class='ocrx_word' id='word_1_82' title='bbox 894 1410 937 1473; x_wconf 90' lang='lat' dir='ltr'><strong>de</strong></span> <span class='ocrx_word' id='word_1_83' title='bbox 957 1410 1096 1474; x_wconf 88' lang='lat' dir='ltr'><strong>domino</strong></span> <span class='ocrx_word' id='word_1_84' title='bbox 1119 1409 1214 1493; x_wconf 87' lang='lat' dir='ltr'>Rege</span> <span class='ocrx_word' id='word_1_85' title='bbox 1237 1410 1270 1473; x_wconf 91' lang='lat' dir='ltr'><strong>in</strong></span> 
     </span>
     <span class='ocr_line' id='line_1_11' title="bbox 165 1512 1270 1598; baseline 0.003 -23"><span class='ocrx_word' id='word_1_86' title='bbox 165 1512 383 1595; x_wconf 85' lang='lat' dir='ltr'><strong>Maddingele</strong></span> <span class='ocrx_word' id='word_1_87' title='bbox 408 1513 493 1577; x_wconf 90' lang='lat' dir='ltr'><strong>sicut</strong></span> <span class='ocrx_word' id='word_1_88' title='bbox 521 1514 593 1598; x_wconf 85' lang='lat' dir='ltr'><strong>ipsa</strong></span> <span class='ocrx_word' id='word_1_89' title='bbox 619 1513 794 1577; x_wconf 92' lang='lat' dir='ltr'><strong>consilium</strong></span> <span class='ocrx_word' id='word_1_90' title='bbox 822 1512 949 1576; x_wconf 90' lang='lat' dir='ltr'><strong>domini</strong></span> <span class='ocrx_word' id='word_1_91' title='bbox 980 1512 1083 1596; x_wconf 86' lang='lat' dir='ltr'><strong>Regis</strong></span> <span class='ocrx_word' id='word_1_92' title='bbox 1114 1512 1191 1578; x_wconf 84' lang='lat' dir='ltr'><strong>lecit</strong></span> <span class='ocrx_word' id='word_1_93' title='bbox 1222 1514 1270 1578; x_wconf 91' lang='lat' dir='ltr'><strong>in·</strong></span> 
     </span>
     <span class='ocr_line' id='line_1_12' title="bbox 162 1616 1270 1701; baseline 0.002 -22"><span class='ocrx_word' id='word_1_94' title='bbox 162 1616 331 1701; x_wconf 86' lang='lat' dir='ltr'><strong>telligere;</strong></span> <span class='ocrx_word' id='word_1_95' title='bbox 362 1627 396 1682; x_wconf 91' lang='lat' dir='ltr'><strong>et</strong></span> <span class='ocrx_word' id='word_1_96' title='bbox 426 1628 536 1681; x_wconf 89' lang='lat' dir='ltr'><strong>vtrum</strong></span> <span class='ocrx_word' id='word_1_97' title='bbox 568 1618 736 1681; x_wconf 87' lang='lat' dir='ltr'><strong>Robertus</strong></span> <span class='ocrx_word' id='word_1_98' title='bbox 767 1616 875 1681; x_wconf 91' lang='lat' dir='ltr'><strong>Morel</strong></span> <span class='ocrx_word' id='word_1_99' title='bbox 906 1619 963 1701; x_wconf 94' lang='lat' dir='ltr'><strong>qui</strong></span> <span class='ocrx_word' id='word_1_100' title='bbox 995 1617 1057 1683; x_wconf 86' lang='lat' dir='ltr'><strong>luit</strong></span> <span class='ocrx_word' id='word_1_101' title='bbox 1086 1618 1270 1681; x_wconf 90' lang='lat' dir='ltr'><strong>auunculus</strong></span> 
     </span>
    </p>

    <p class='ocr_par' dir='ltr' id='par_1_7' title="bbox 162 1722 1269 1806">
     <span class='ocr_line' id='line_1_13' title="bbox 162 1722 1269 1806; baseline -0.001 -20"><span class='ocrx_word' id='word_1_102' title='bbox 162 1722 252 1787; x_wconf 90' lang='lat' dir='ltr'><strong>dicte</strong></span> <span class='ocrx_word' id='word_1_103' title='bbox 279 1722 424 1806; x_wconf 85' lang='lat' dir='ltr'><strong>Agnetis</strong></span> <span class='ocrx_word' id='word_1_104' title='bbox 451 1734 573 1787; x_wconf 91' lang='lat' dir='ltr'><strong>terram</strong></span> <span class='ocrx_word' id='word_1_105' title='bbox 601 1723 693 1786; x_wconf 86' lang='lat' dir='ltr'><strong>illam</strong></span> <span class='ocrx_word' id='word_1_106' title='bbox 723 1742 782 1785; x_wconf 89' lang='lat' dir='ltr'><strong>seu</strong></span> <span class='ocrx_word' id='word_1_107' title='bbox 809 1732 1037 1787; x_wconf 89' lang='lat' dir='ltr'>tenementum</span> <span class='ocrx_word' id='word_1_108' title='bbox 1065 1724 1108 1786; x_wconf 87' lang='lat' dir='ltr'><strong>ad</strong></span> <span class='ocrx_word' id='word_1_109' title='bbox 1140 1722 1269 1787; x_wconf 85' lang='lat' dir='ltr'><strong>firmam</strong></span> 
     </span>
    </p>

    <p class='ocr_par' dir='ltr' id='par_1_8' title="bbox 163 1826 1270 1910">
     <span class='ocr_line' id='line_1_14' title="bbox 163 1826 1270 1910; baseline 0.002 -20"><span class='ocrx_word' id='word_1_110' title='bbox 163 1826 289 1891; x_wconf 86' lang='lat' dir='ltr'>dimisit</span> <span class='ocrx_word' id='word_1_111' title='bbox 305 1828 403 1891; x_wconf 92' lang='lat' dir='ltr'><strong>dictis</strong></span> <span class='ocrx_word' id='word_1_112' title='bbox 420 1828 522 1891; x_wconf 89' lang='lat' dir='ltr'>Priori</span> <span class='ocrx_word' id='word_1_113' title='bbox 538 1837 573 1891; x_wconf 89' lang='lat' dir='ltr'><strong>et</strong></span> <span class='ocrx_word' id='word_1_114' title='bbox 589 1828 779 1892; x_wconf 87' lang='lat' dir='ltr'><strong>Conuentui</strong></span> <span class='ocrx_word' id='word_1_115' title='bbox 795 1826 838 1890; x_wconf 90' lang='lat' dir='ltr'><strong>ad</strong></span> <span class='ocrx_word' id='word_1_116' title='bbox 856 1828 1034 1891; x_wconf 89' lang='lat' dir='ltr'><strong>terminum</strong></span> <span class='ocrx_word' id='word_1_117' title='bbox 1048 1827 1104 1909; x_wconf 90' lang='lat' dir='ltr'><strong>qui</strong></span> <span class='ocrx_word' id='word_1_118' title='bbox 1120 1826 1270 1910; x_wconf 89' lang='lat' dir='ltr'><strong>preterijt</strong></span> 
     </span>
    </p>

    <p class='ocr_par' dir='ltr' id='par_1_9' title="bbox 161 1930 1269 2119">
     <span class='ocr_line' id='line_1_15' title="bbox 161 1930 1269 2015; baseline -0.002 -18"><span class='ocrx_word' id='word_1_119' title='bbox 161 1954 258 1997; x_wconf 60' lang='lat' dir='ltr'><strong>mxx.</strong></span> <span class='ocrx_word' id='word_1_120' title='bbox 279 1934 375 1996; x_wconf 90' lang='lat' dir='ltr'><strong>annis</strong></span> <span class='ocrx_word' id='word_1_121' title='bbox 398 1932 529 2014; x_wconf 86' lang='lat' dir='ltr'><strong>elapsis,</strong></span> <span class='ocrx_word' id='word_1_122' title='bbox 550 1934 635 1996; x_wconf 90' lang='lat' dir='ltr'><strong>sicut</strong></span> <span class='ocrx_word' id='word_1_123' title='bbox 654 1932 727 2015; x_wconf 89' lang='lat' dir='ltr'><strong>ipsa</strong></span> <span class='ocrx_word' id='word_1_124' title='bbox 746 1930 888 2005; x_wconf 89' lang='lat' dir='ltr'><strong>dicebat,</strong></span> <span class='ocrx_word' id='word_1_125' title='bbox 903 1930 955 1995; x_wconf 86' lang='lat' dir='ltr'><strong>vel</strong></span> <span class='ocrx_word' id='word_1_126' title='bbox 975 1951 1135 2013; x_wconf 90' lang='lat' dir='ltr'><strong>umquam</strong></span> <span class='ocrx_word' id='word_1_127' title='bbox 1156 1931 1217 1995; x_wconf 84' lang='lat' dir='ltr'><strong>fuit</strong></span> <span class='ocrx_word' id='word_1_128' title='bbox 1236 1932 1269 1995; x_wconf 90' lang='lat' dir='ltr'><strong>in</strong></span> 
     </span>
     <span class='ocr_line' id='line_1_16' title="bbox 163 2036 525 2119; baseline 0 -20"><span class='ocrx_word' id='word_1_129' title='bbox 163 2056 311 2119; x_wconf 86' lang='lat' dir='ltr'><strong>saysyna</strong></span> <span class='ocrx_word' id='word_1_130' title='bbox 327 2036 415 2099; x_wconf 93' lang='lat' dir='ltr'><strong>illius</strong></span> <span class='ocrx_word' id='word_1_131' title='bbox 430 2046 525 2099; x_wconf 88' lang='lat' dir='ltr'><strong>terre.</strong></span> 
     </span>
    </p>

    <p class='ocr_par' dir='ltr' id='par_1_10' title="bbox 161 2138 1369 4209">
     <span class='ocr_line' id='line_1_17' title="bbox 228 2138 1268 2223; baseline -0.001 -19"><span class='ocrx_word' id='word_1_132' title='bbox 228 2141 285 2205; x_wconf 86' lang='lat' dir='ltr'><strong>Ad</strong></span> <span class='ocrx_word' id='word_1_133' title='bbox 302 2161 387 2223; x_wconf 90' lang='lat' dir='ltr'><strong>quos</strong></span> <span class='ocrx_word' id='word_1_134' title='bbox 402 2139 560 2203; x_wconf 83' lang='lat' dir='ltr'>articulos</span> <span class='ocrx_word' id='word_1_135' title='bbox 576 2159 773 2222; x_wconf 90' lang='lat' dir='ltr'><strong>responsum</strong></span> <span class='ocrx_word' id='word_1_136' title='bbox 790 2138 852 2202; x_wconf 87' lang='lat' dir='ltr'><strong>suit</strong></span> <span class='ocrx_word' id='word_1_137' title='bbox 868 2159 927 2221; x_wconf 91' lang='lat' dir='ltr'><strong>per</strong></span> <span class='ocrx_word' id='word_1_138' title='bbox 942 2140 1112 2217; x_wconf 89' lang='lat' dir='ltr'><strong>iuratores,</strong></span> <span class='ocrx_word' id='word_1_139' title='bbox 1127 2160 1268 2223; x_wconf 90' lang='lat' dir='ltr'><strong>quorum</strong></span> 
     </span>
     <span class='ocr_line' id='line_1_18' title="bbox 163 2244 1268 2328; baseline 0.001 -21"><span class='ocrx_word' id='word_1_140' title='bbox 163 2246 301 2309; x_wconf 91' lang='lat' dir='ltr'><strong>nomina</strong></span> <span class='ocrx_word' id='word_1_141' title='bbox 320 2244 507 2328; x_wconf 88' lang='lat' dir='ltr'><strong>subscripta</strong></span> <span class='ocrx_word' id='word_1_142' title='bbox 528 2254 616 2320; x_wconf 91' lang='lat' dir='ltr'><strong>sunt,</strong></span> <span class='ocrx_word' id='word_1_143' title='bbox 630 2246 721 2327; x_wconf 92' lang='lat' dir='ltr'><strong>quod</strong></span> <span class='ocrx_word' id='word_1_144' title='bbox 744 2264 914 2326; x_wconf 89' lang='lat' dir='ltr'><strong>nunquam</strong></span> <span class='ocrx_word' id='word_1_145' title='bbox 936 2254 1164 2309; x_wconf 88' lang='lat' dir='ltr'><strong>tenementum</strong></span> <span class='ocrx_word' id='word_1_146' title='bbox 1187 2244 1268 2308; x_wconf 93' lang='lat' dir='ltr'><strong>illud</strong></span> 
     </span>
     <span class='ocr_line' id='line_1_19' title="bbox 162 2345 1268 2431; baseline 0.001 -19"><span class='ocrx_word' id='word_1_147' title='bbox 162 2348 293 2431; x_wconf 89' lang='lat' dir='ltr'><strong>dequo</strong></span> <span class='ocrx_word' id='word_1_148' title='bbox 313 2347 401 2413; x_wconf 84' lang='lat' dir='ltr'><strong>iacta</strong></span> <span class='ocrx_word' id='word_1_149' title='bbox 422 2358 473 2412; x_wconf 87' lang='lat' dir='ltr'><strong>est</strong></span> <span class='ocrx_word' id='word_1_150' title='bbox 494 2350 624 2412; x_wconf 90' lang='lat' dir='ltr'><strong>mencio</strong></span> <span class='ocrx_word' id='word_1_151' title='bbox 644 2349 677 2412; x_wconf 93' lang='lat' dir='ltr'><strong>in</strong></span> <span class='ocrx_word' id='word_1_152' title='bbox 699 2349 808 2431; x_wconf 89' lang='lat' dir='ltr'><strong>capite</strong></span> <span class='ocrx_word' id='word_1_153' title='bbox 829 2345 885 2411; x_wconf 93' lang='lat' dir='ltr'><strong>de¹</strong></span> <span class='ocrx_word' id='word_1_154' title='bbox 903 2347 1041 2412; x_wconf 90' lang='lat' dir='ltr'><strong>domino</strong></span> <span class='ocrx_word' id='word_1_155' title='bbox 1063 2348 1157 2431; x_wconf 86' lang='lat' dir='ltr'><strong>Rege</strong></span> <span class='ocrx_word' id='word_1_156' title='bbox 1177 2358 1268 2413; x_wconf 90' lang='lat' dir='ltr'><strong>tene·</strong></span> 
     </span>
     <span class='ocr_line' id='line_1_20' title="bbox 163 2454 1268 2531; baseline 0.001 -13"><span class='ocrx_word' id='word_1_157' title='bbox 163 2456 268 2531; x_wconf 89' lang='lat' dir='ltr'><strong>batur,</strong></span> <span class='ocrx_word' id='word_1_158' title='bbox 284 2474 345 2518; x_wconf 92' lang='lat' dir='ltr'><strong>nec</strong></span> <span class='ocrx_word' id='word_1_159' title='bbox 366 2454 475 2519; x_wconf 90' lang='lat' dir='ltr'><strong>dictus</strong></span> <span class='ocrx_word' id='word_1_160' title='bbox 498 2454 666 2518; x_wconf 90' lang='lat' dir='ltr'><strong>Robertus</strong></span> <span class='ocrx_word' id='word_1_161' title='bbox 687 2454 795 2519; x_wconf 90' lang='lat' dir='ltr'><strong>Morel</strong></span> <span class='ocrx_word' id='word_1_162' title='bbox 816 2456 859 2519; x_wconf 88' lang='lat' dir='ltr'><strong>ad</strong></span> <span class='ocrx_word' id='word_1_163' title='bbox 882 2454 1011 2519; x_wconf 87' lang='lat' dir='ltr'><strong>firmam</strong></span> <span class='ocrx_word' id='word_1_164' title='bbox 1033 2465 1155 2519; x_wconf 90' lang='lat' dir='ltr'><strong>terram</strong></span> <span class='ocrx_word' id='word_1_165' title='bbox 1176 2455 1268 2519; x_wconf 91' lang='lat' dir='ltr'><strong>illam</strong></span> 
     </span>
     <span class='ocr_line' id='line_1_21' title="bbox 162 2558 1268 2642; baseline 0.004 -21"><span class='ocrx_word' id='word_1_166' title='bbox 162 2558 298 2636; x_wconf 91' lang='lat' dir='ltr'><strong>dimisit,</strong></span> <span class='ocrx_word' id='word_1_167' title='bbox 320 2579 382 2622; x_wconf 90' lang='lat' dir='ltr'><strong>nec</strong></span> <span class='ocrx_word' id='word_1_168' title='bbox 408 2560 525 2635; x_wconf 90' lang='lat' dir='ltr'><strong>tenuit,</strong></span> <span class='ocrx_word' id='word_1_169' title='bbox 551 2579 613 2623; x_wconf 90' lang='lat' dir='ltr'><strong>nec</strong></span> <span class='ocrx_word' id='word_1_170' title='bbox 638 2561 807 2641; x_wconf 89' lang='lat' dir='ltr'><strong>saysinam</strong></span> <span class='ocrx_word' id='word_1_171' title='bbox 835 2560 961 2636; x_wconf 89' lang='lat' dir='ltr'><strong>habuit,</strong></span> <span class='ocrx_word' id='word_1_172' title='bbox 988 2560 1151 2623; x_wconf 88' lang='lat' dir='ltr'><strong>addentes</strong></span> <span class='ocrx_word' id='word_1_173' title='bbox 1178 2560 1268 2642; x_wconf 91' lang='lat' dir='ltr'><strong>quod</strong></span> 
     </span>
     <span class='ocr_line' id='line_1_22' title="bbox 162 2664 1267 2749; baseline 0.003 -23"><span class='ocrx_word' id='word_1_174' title='bbox 162 2664 226 2727; x_wconf 92' lang='lat' dir='ltr'><strong>hoc</strong></span> <span class='ocrx_word' id='word_1_175' title='bbox 246 2666 414 2729; x_wconf 90' lang='lat' dir='ltr'><strong>sciuerunt</strong></span> <span class='ocrx_word' id='word_1_176' title='bbox 435 2686 494 2749; x_wconf 90' lang='lat' dir='ltr'><strong>per</strong></span> <span class='ocrx_word' id='word_1_177' title='bbox 514 2665 597 2729; x_wconf 90' lang='lat' dir='ltr'><strong>hoc:</strong></span> <span class='ocrx_word' id='word_1_178' title='bbox 621 2666 776 2749; x_wconf 82' lang='lat' dir='ltr'><strong>Quedam</strong></span> <span class='ocrx_word' id='word_1_179' title='bbox 799 2665 923 2728; x_wconf 86' lang='lat' dir='ltr'><strong>Basilia</strong></span> <span class='ocrx_word' id='word_1_180' title='bbox 939 2664 1058 2741; x_wconf 86' lang='lat' dir='ltr'><strong>Morel,</strong></span> <span class='ocrx_word' id='word_1_181' title='bbox 1072 2677 1106 2729; x_wconf 95' lang='lat' dir='ltr'><strong>et</strong></span> <span class='ocrx_word' id='word_1_182' title='bbox 1126 2665 1195 2729; x_wconf 93' lang='lat' dir='ltr'><strong>duo</strong></span> <span class='ocrx_word' id='word_1_183' title='bbox 1210 2665 1267 2748; x_wconf 87' lang='lat' dir='ltr'><strong>filij</strong></span> 
     </span>
     <span class='ocr_line' id='line_1_23' title="bbox 162 2769 1269 2853; baseline 0.004 -22"><span class='ocrx_word' id='word_1_184' title='bbox 162 2770 233 2832; x_wconf 89' lang='lat' dir='ltr'><strong>eius</strong></span> <span class='ocrx_word' id='word_1_185' title='bbox 255 2769 423 2834; x_wconf 89' lang='lat' dir='ltr'><strong>Robertus</strong></span> <span class='ocrx_word' id='word_1_186' title='bbox 443 2780 478 2834; x_wconf 86' lang='lat' dir='ltr'><strong>et</strong></span> <span class='ocrx_word' id='word_1_187' title='bbox 501 2770 614 2852; x_wconf 83' lang='lat' dir='ltr'><strong>Hugo‚</strong></span> <span class='ocrx_word' id='word_1_188' title='bbox 630 2779 664 2833; x_wconf 90' lang='lat' dir='ltr'><strong>et</strong></span> <span class='ocrx_word' id='word_1_189' title='bbox 687 2770 816 2853; x_wconf 86' lang='lat' dir='ltr'><strong>Quena,</strong></span> <span class='ocrx_word' id='word_1_190' title='bbox 832 2780 983 2853; x_wconf 90' lang='lat' dir='ltr'><strong>tempore</strong></span> <span class='ocrx_word' id='word_1_191' title='bbox 1007 2770 1110 2853; x_wconf 86' lang='lat' dir='ltr'><strong>Regis</strong></span> <span class='ocrx_word' id='word_1_192' title='bbox 1135 2770 1269 2835; x_wconf 91' lang='lat' dir='ltr'><strong>Ricardi</strong></span> 
     </span>
     <span class='ocr_line' id='line_1_24' title="bbox 161 2875 1269 2958; baseline 0.003 -21"><span class='ocrx_word' id='word_1_193' title='bbox 161 2893 252 2937; x_wconf 86' lang='lat' dir='ltr'><strong>anno</strong></span> <span class='ocrx_word' id='word_1_194' title='bbox 281 2875 343 2956; x_wconf 87' lang='lat' dir='ltr'><strong>.vj⁰.</strong></span> <span class='ocrx_word' id='word_1_195' title='bbox 374 2875 475 2938; x_wconf 86' lang='lat' dir='ltr'><strong>breue</strong></span> <span class='ocrx_word' id='word_1_196' title='bbox 505 2875 633 2938; x_wconf 92' lang='lat' dir='ltr'><strong>domini</strong></span> <span class='ocrx_word' id='word_1_197' title='bbox 666 2875 770 2958; x_wconf 85' lang='lat' dir='ltr'><strong>Regis</strong></span> <span class='ocrx_word' id='word_1_198' title='bbox 800 2876 843 2939; x_wconf 91' lang='lat' dir='ltr'><strong>de</strong></span> <span class='ocrx_word' id='word_1_199' title='bbox 879 2885 986 2939; x_wconf 90' lang='lat' dir='ltr'><strong>morte</strong></span> <span class='ocrx_word' id='word_1_200' title='bbox 1021 2886 1269 2940; x_wconf 88' lang='lat' dir='ltr'><strong>antecessorum</strong></span> 
     </span>
     <span class='ocr_line' id='line_1_25' title="bbox 163 2978 1269 3062; baseline 0.003 -21"><span class='ocrx_word' id='word_1_201' title='bbox 163 2988 381 3061; x_wconf 89' lang='lat' dir='ltr'><strong>portauerunt</strong></span> <span class='ocrx_word' id='word_1_202' title='bbox 407 2999 506 3062; x_wconf 90' lang='lat' dir='ltr'><strong>super</strong></span> <span class='ocrx_word' id='word_1_203' title='bbox 532 2980 677 3042; x_wconf 90' lang='lat' dir='ltr'><strong>Priorem</strong></span> <span class='ocrx_word' id='word_1_204' title='bbox 705 2991 739 3043; x_wconf 86' lang='lat' dir='ltr'><strong>et</strong></span> <span class='ocrx_word' id='word_1_205' title='bbox 763 2978 977 3043; x_wconf 86' lang='lat' dir='ltr'><strong>Conuentum</strong></span> <span class='ocrx_word' id='word_1_206' title='bbox 1001 2979 1044 3043; x_wconf 91' lang='lat' dir='ltr'><strong>de</strong></span> <span class='ocrx_word' id='word_1_207' title='bbox 1069 2979 1269 3045; x_wconf 87' lang='lat' dir='ltr'><strong>Bemewelle</strong></span> 
     </span>
     <span class='ocr_line' id='line_1_26' title="bbox 162 3082 1268 3167; baseline 0.001 -21"><span class='ocrx_word' id='word_1_208' title='bbox 162 3082 288 3146; x_wconf 91' lang='lat' dir='ltr'><strong>dictam</strong></span> <span class='ocrx_word' id='word_1_209' title='bbox 310 3094 431 3146; x_wconf 86' lang='lat' dir='ltr'><strong>terram</strong></span> <span class='ocrx_word' id='word_1_210' title='bbox 453 3093 533 3147; x_wconf 91' lang='lat' dir='ltr'><strong>tunc</strong></span> <span class='ocrx_word' id='word_1_211' title='bbox 554 3092 706 3167; x_wconf 88' lang='lat' dir='ltr'><strong>tempore</strong></span> <span class='ocrx_word' id='word_1_212' title='bbox 726 3092 889 3159; x_wconf 86' lang='lat' dir='ltr'><strong>tenentes,</strong></span> <span class='ocrx_word' id='word_1_213' title='bbox 904 3093 938 3148; x_wconf 92' lang='lat' dir='ltr'><strong>et</strong></span> <span class='ocrx_word' id='word_1_214' title='bbox 960 3084 1050 3166; x_wconf 93' lang='lat' dir='ltr'><strong>quod</strong></span> <span class='ocrx_word' id='word_1_215' title='bbox 1067 3082 1174 3147; x_wconf 84' lang='lat' dir='ltr'><strong>finalis</strong></span> <span class='ocrx_word' id='word_1_216' title='bbox 1190 3105 1268 3147; x_wconf 92' lang='lat' dir='ltr'><strong>con-</strong></span> 
     </span>
     <span class='ocr_line' id='line_1_27' title="bbox 162 3186 1267 3272; baseline 0.002 -22"><span class='ocrx_word' id='word_1_217' title='bbox 162 3187 276 3250; x_wconf 91' lang='lat' dir='ltr'><strong>cordia</strong></span> <span class='ocrx_word' id='word_1_218' title='bbox 289 3186 376 3251; x_wconf 86' lang='lat' dir='ltr'><strong>lacta</strong></span> <span class='ocrx_word' id='word_1_219' title='bbox 387 3186 449 3250; x_wconf 88' lang='lat' dir='ltr'><strong>suit</strong></span> <span class='ocrx_word' id='word_1_220' title='bbox 459 3189 578 3251; x_wconf 91' lang='lat' dir='ltr'><strong>eodem</strong></span> <span class='ocrx_word' id='word_1_221' title='bbox 591 3186 768 3271; x_wconf 90' lang='lat' dir='ltr'><strong>[tempore]</strong></span> <span class='ocrx_word' id='word_1_222' title='bbox 781 3189 867 3251; x_wconf 91' lang='lat' dir='ltr'><strong>inter</strong></span> <span class='ocrx_word' id='word_1_223' title='bbox 880 3190 969 3270; x_wconf 91' lang='lat' dir='ltr'><strong>ipsos</strong></span> <span class='ocrx_word' id='word_1_224' title='bbox 979 3188 1163 3252; x_wconf 90' lang='lat' dir='ltr'><strong>secundum</strong></span> <span class='ocrx_word' id='word_1_225' title='bbox 1176 3187 1267 3272; x_wconf 91' lang='lat' dir='ltr'><strong>quod</strong></span> 
     </span>
     <span class='ocr_line' id='line_1_28' title="bbox 162 3290 1267 3375; baseline 0.003 -23"><span class='ocrx_word' id='word_1_226' title='bbox 162 3290 355 3373; x_wconf 90' lang='lat' dir='ltr'><strong>plenissime</strong></span> <span class='ocrx_word' id='word_1_227' title='bbox 375 3292 564 3355; x_wconf 86' lang='lat' dir='ltr'><strong>continetur</strong></span> <span class='ocrx_word' id='word_1_228' title='bbox 585 3291 618 3355; x_wconf 91' lang='lat' dir='ltr'><strong>in</strong></span> <span class='ocrx_word' id='word_1_229' title='bbox 641 3292 851 3375; x_wconf 83' lang='lat' dir='ltr'><strong>cyrographo</strong></span> <span class='ocrx_word' id='word_1_230' title='bbox 867 3293 1024 3357; x_wconf 88' lang='lat' dir='ltr'><strong>intereos</strong></span> <span class='ocrx_word' id='word_1_231' title='bbox 1041 3312 1140 3375; x_wconf 88' lang='lat' dir='ltr'><strong>super</strong></span> <span class='ocrx_word' id='word_1_232' title='bbox 1154 3292 1218 3355; x_wconf 93' lang='lat' dir='ltr'><strong>hoc</strong></span> <span class='ocrx_word' id='word_1_233' title='bbox 1234 3293 1267 3355; x_wconf 93' lang='lat' dir='ltr'><strong>in</strong></span> 
     </span>
     <span class='ocr_line' id='line_1_29' title="bbox 162 3394 1268 3479; baseline 0.002 -22"><span class='ocrx_word' id='word_1_234' title='bbox 162 3395 280 3457; x_wconf 85' lang='lat' dir='ltr'><strong>eadem</strong></span> <span class='ocrx_word' id='word_1_235' title='bbox 302 3395 393 3458; x_wconf 86' lang='lat' dir='ltr'><strong>curia</strong></span> <span class='ocrx_word' id='word_1_236' title='bbox 413 3395 542 3464; x_wconf 91' lang='lat' dir='ltr'><strong>domini</strong></span> <span class='ocrx_word' id='word_1_237' title='bbox 564 3396 668 3477; x_wconf 84' lang='lat' dir='ltr'><strong>Regis</strong></span> <span class='ocrx_word' id='word_1_238' title='bbox 684 3394 846 3469; x_wconf 85' lang='lat' dir='ltr'><strong>confecto,</strong></span> <span class='ocrx_word' id='word_1_239' title='bbox 862 3396 910 3459; x_wconf 90' lang='lat' dir='ltr'><strong>ita</strong></span> <span class='ocrx_word' id='word_1_240' title='bbox 924 3397 1014 3479; x_wconf 92' lang='lat' dir='ltr'><strong>quod</strong></span> <span class='ocrx_word' id='word_1_241' title='bbox 1031 3396 1122 3459; x_wconf 89' lang='lat' dir='ltr'><strong>dicta</strong></span> <span class='ocrx_word' id='word_1_242' title='bbox 1139 3394 1268 3472; x_wconf 82' lang='lat' dir='ltr'><strong>Basilia,</strong></span> 
     </span>
     <span class='ocr_line' id='line_1_30' title="bbox 164 3498 1267 3583; baseline 0 -22"><span class='ocrx_word' id='word_1_243' title='bbox 164 3498 340 3575; x_wconf 92' lang='lat' dir='ltr'><strong>Robertus,</strong></span> <span class='ocrx_word' id='word_1_244' title='bbox 363 3499 466 3583; x_wconf 87' lang='lat' dir='ltr'><strong>Hugo</strong></span> <span class='ocrx_word' id='word_1_245' title='bbox 489 3510 523 3564; x_wconf 88' lang='lat' dir='ltr'><strong>et</strong></span> <span class='ocrx_word' id='word_1_246' title='bbox 547 3498 675 3583; x_wconf 84' lang='lat' dir='ltr'><strong>Quena,</strong></span> <span class='ocrx_word' id='word_1_247' title='bbox 699 3499 798 3563; x_wconf 90' lang='lat' dir='ltr'><strong>nichil</strong></span> <span class='ocrx_word' id='word_1_248' title='bbox 820 3499 903 3582; x_wconf 91' lang='lat' dir='ltr'><strong>juris</strong></span> <span class='ocrx_word' id='word_1_249' title='bbox 926 3500 958 3562; x_wconf 91' lang='lat' dir='ltr'><strong>in</strong></span> <span class='ocrx_word' id='word_1_250' title='bbox 983 3500 1073 3563; x_wconf 86' lang='lat' dir='ltr'><strong>dicta</strong></span> <span class='ocrx_word' id='word_1_251' title='bbox 1096 3510 1182 3563; x_wconf 90' lang='lat' dir='ltr'><strong>terra</strong></span> <span class='ocrx_word' id='word_1_252' title='bbox 1205 3499 1267 3562; x_wconf 91' lang='lat' dir='ltr'>sibi</span> 
     </span>
     <span class='ocr_line' id='line_1_31' title="bbox 161 3602 1269 3686; baseline 0.001 -21"><span class='ocrx_word' id='word_1_253' title='bbox 161 3611 320 3684; x_wconf 89' lang='lat' dir='ltr'><strong>poterunt</strong></span> <span class='ocrx_word' id='word_1_254' title='bbox 340 3604 573 3686; x_wconf 89' lang='lat' dir='ltr'><strong>inperpetuum</strong></span> <span class='ocrx_word' id='word_1_255' title='bbox 595 3602 780 3667; x_wconf 85' lang='lat' dir='ltr'><strong>uendicare.</strong></span> <span class='ocrx_word' id='word_1_256' title='bbox 828 3603 975 3667; x_wconf 90' lang='lat' dir='ltr'><strong>Nomina</strong></span> <span class='ocrx_word' id='word_1_257' title='bbox 996 3603 1181 3685; x_wconf 89' lang='lat' dir='ltr'><strong>juratorum</strong></span> <span class='ocrx_word' id='word_1_258' title='bbox 1208 3604 1269 3667; x_wconf 93' lang='lat' dir='ltr'><strong>hec</strong></span> 
     </span>
     <span class='ocr_line' id='line_1_32' title="bbox 162 3706 1369 3790; baseline -0.001 -21"><span class='ocrx_word' id='word_1_259' title='bbox 162 3716 259 3770; x_wconf 89' lang='lat' dir='ltr'><strong>sunt:</strong></span> <span class='ocrx_word' id='word_1_260' title='bbox 281 3706 437 3771; x_wconf 90' lang='lat' dir='ltr'><strong>dominus</strong></span> <span class='ocrx_word' id='word_1_261' title='bbox 463 3706 631 3773; x_wconf 91' lang='lat' dir='ltr'><strong>Robertus</strong></span> <span class='ocrx_word' id='word_1_262' title='bbox 655 3708 697 3771; x_wconf 93' lang='lat' dir='ltr'><strong>de</strong></span> <span class='ocrx_word' id='word_1_263' title='bbox 720 3707 886 3772; x_wconf 88' lang='lat' dir='ltr'><strong>Conitone</strong></span> <span class='ocrx_word' id='word_1_264' title='bbox 908 3709 1011 3785; x_wconf 91' lang='lat' dir='ltr'><strong>miles,</strong></span> <span class='ocrx_word' id='word_1_265' title='bbox 1030 3707 1200 3790; x_wconf 87' lang='lat' dir='ltr'><strong>Johannes</strong></span> <span class='ocrx_word' id='word_1_266' title='bbox 1226 3707 1269 3771; x_wconf 93' lang='lat' dir='ltr'><strong>de</strong></span> <span class='ocrx_word' id='word_1_267' title='bbox 1284 3714 1300 3765; x_wconf 81' lang='lat' dir='ltr'><strong>s.</strong></span> <span class='ocrx_word' id='word_1_268' title='bbox 1314 3714 1369 3779; x_wconf 74' lang='lat' dir='ltr'><strong>38b</strong></span> 
     </span>
     <span class='ocr_line' id='line_1_33' title="bbox 163 3809 1269 3894; baseline 0.004 -22"><span class='ocrx_word' id='word_1_269' title='bbox 163 3809 328 3893; x_wconf 88' lang='lat' dir='ltr'><strong>Drayton,</strong></span> <span class='ocrx_word' id='word_1_270' title='bbox 344 3811 508 3876; x_wconf 90' lang='lat' dir='ltr'><strong>Ricardus</strong></span> <span class='ocrx_word' id='word_1_271' title='bbox 524 3812 653 3894; x_wconf 87' lang='lat' dir='ltr'><strong>Aubyn</strong></span> <span class='ocrx_word' id='word_1_272' title='bbox 674 3810 717 3875; x_wconf 89' lang='lat' dir='ltr'><strong>de</strong></span> <span class='ocrx_word' id='word_1_273' title='bbox 737 3813 867 3888; x_wconf 88' lang='lat' dir='ltr'><strong>eadem,</strong></span> <span class='ocrx_word' id='word_1_274' title='bbox 885 3811 1052 3875; x_wconf 88' lang='lat' dir='ltr'><strong>Henricus</strong></span> <span class='ocrx_word' id='word_1_275' title='bbox 1073 3812 1205 3876; x_wconf 89' lang='lat' dir='ltr'><strong>Catelin</strong></span> <span class='ocrx_word' id='word_1_276' title='bbox 1226 3813 1269 3877; x_wconf 94' lang='lat' dir='ltr'><strong>de</strong></span> 
     </span>
     <span class='ocr_line' id='line_1_34' title="bbox 162 3915 1270 4000; baseline 0.003 -21"><span class='ocrx_word' id='word_1_277' title='bbox 162 3915 291 3992; x_wconf 87' lang='lat' dir='ltr'><strong>eadem,</strong></span> <span class='ocrx_word' id='word_1_278' title='bbox 317 3916 505 3982; x_wconf 89' lang='lat' dir='ltr'><strong>Willelmus</strong></span> <span class='ocrx_word' id='word_1_279' title='bbox 532 3917 677 3981; x_wconf 93' lang='lat' dir='ltr'><strong>Wombe</strong></span> <span class='ocrx_word' id='word_1_280' title='bbox 703 3915 745 3979; x_wconf 90' lang='lat' dir='ltr'><strong>de</strong></span> <span class='ocrx_word' id='word_1_281' title='bbox 775 3916 904 3993; x_wconf 86' lang='lat' dir='ltr'><strong>eadem,</strong></span> <span class='ocrx_word' id='word_1_282' title='bbox 929 3916 1100 3999; x_wconf 89' lang='lat' dir='ltr'><strong>Johannes</strong></span> <span class='ocrx_word' id='word_1_283' title='bbox 1123 3916 1270 4000; x_wconf 89' lang='lat' dir='ltr'><strong>Gynant,</strong></span> 
     </span>
     <span class='ocr_line' id='line_1_35' title="bbox 165 4019 1269 4103; baseline 0.004 -20"><span class='ocrx_word' id='word_1_284' title='bbox 165 4019 331 4084; x_wconf 88' lang='lat' dir='ltr'><strong>Henricus</strong></span> <span class='ocrx_word' id='word_1_285' title='bbox 355 4020 495 4097; x_wconf 91' lang='lat' dir='ltr'><strong>Stibbel,</strong></span> <span class='ocrx_word' id='word_1_286' title='bbox 522 4020 712 4086; x_wconf 91' lang='lat' dir='ltr'><strong>Willelmus</strong></span> <span class='ocrx_word' id='word_1_287' title='bbox 736 4021 824 4097; x_wconf 89' lang='lat' dir='ltr'><strong>Prat‚</strong></span> <span class='ocrx_word' id='word_1_288' title='bbox 848 4020 1000 4103; x_wconf 83' lang='lat' dir='ltr'><strong>Rogerus</strong></span> <span class='ocrx_word' id='word_1_289' title='bbox 1025 4021 1067 4084; x_wconf 94' lang='lat' dir='ltr'><strong>de</strong></span> <span class='ocrx_word' id='word_1_290' title='bbox 1096 4021 1269 4099; x_wconf 89' lang='lat' dir='ltr'><strong>Stantone,</strong></span> 
     </span>
     <span class='ocr_line' id='line_1_36' title="bbox 163 4123 1270 4209; baseline 0.004 -22"><span class='ocrx_word' id='word_1_291' title='bbox 163 4123 278 4188; x_wconf 89' lang='lat' dir='ltr'><strong>Adam</strong></span> <span class='ocrx_word' id='word_1_292' title='bbox 303 4124 400 4208; x_wconf 90' lang='lat' dir='ltr'><strong>Leyr,</strong></span> <span class='ocrx_word' id='word_1_293' title='bbox 423 4124 595 4209; x_wconf 89' lang='lat' dir='ltr'><strong>Johannes</strong></span> <span class='ocrx_word' id='word_1_294' title='bbox 617 4126 661 4189; x_wconf 87' lang='lat' dir='ltr'><strong>de</strong></span> <span class='ocrx_word' id='word_1_295' title='bbox 684 4125 859 4203; x_wconf 88' lang='lat' dir='ltr'><strong>Grancete‚</strong></span> <span class='ocrx_word' id='word_1_296' title='bbox 885 4125 1048 4190; x_wconf 92' lang='lat' dir='ltr'><strong>Ricardus</strong></span> <span class='ocrx_word' id='word_1_297' title='bbox 1073 4127 1270 4203; x_wconf 90' lang='lat' dir='ltr'><strong>Belebuche,</strong></span> 
     </span>
    </p>
   </div>
   <div class='ocr_carea' id='block_1_3' title="bbox 163 4228 1268 4317">
    <p class='ocr_par' dir='ltr' id='par_1_11' title="bbox 163 4228 1268 4317">
     <span class='ocr_line' id='line_1_37' title="bbox 163 4228 1268 4317; baseline 0.005 -26"><span class='ocrx_word' id='word_1_298' title='bbox 163 4229 280 4292; x_wconf 91' lang='lat' dir='ltr'><strong>Petrus</strong></span> <span class='ocrx_word' id='word_1_299' title='bbox 296 4229 328 4292; x_wconf 90' lang='lat' dir='ltr'><strong>le</strong></span> <span class='ocrx_word' id='word_1_300' title='bbox 344 4229 449 4306; x_wconf 85' lang='lat' dir='ltr'><strong>Clerc,</strong></span> <span class='ocrx_word' id='word_1_301' title='bbox 465 4228 637 4313; x_wconf 87' lang='lat' dir='ltr'><strong>Johannes</strong></span> <span class='ocrx_word' id='word_1_302' title='bbox 657 4229 868 4317; x_wconf 85' lang='lat' dir='ltr'><strong>Gotobedde,</strong></span> <span class='ocrx_word' id='word_1_303' title='bbox 883 4230 1054 4313; x_wconf 91' lang='lat' dir='ltr'><strong>Johannes</strong></span> <span class='ocrx_word' id='word_1_304' title='bbox 1074 4230 1117 4295; x_wconf 96' lang='lat' dir='ltr'><strong>de</strong></span> <span class='ocrx_word' id='word_1_305' title='bbox 1137 4232 1268 4297; x_wconf 90' lang='lat' dir='ltr'><strong>Howes.</strong></span> 
     </span>
    </p>
   </div>
   <div class='ocr_carea' id='block_1_4' title="bbox 640 4394 779 4460">
    <p class='ocr_par' dir='ltr' id='par_1_12' title="bbox 640 4394 779 4460">
     <span class='ocr_line' id='line_1_38' title="bbox 640 4394 779 4460; baseline 0.007 -12"><span class='ocrx_word' id='word_1_306' title='bbox 640 4394 650 4429; x_wconf 87' lang='lat'>¹</span> <span class='ocrx_word' id='word_1_307' title='bbox 668 4400 702 4460; x_wconf 82' lang='lat' dir='ltr'><strong>in,</strong></span> <span class='ocrx_word' id='word_1_308' title='bbox 723 4400 779 4450; x_wconf 88' lang='lat' dir='ltr'><strong>MS.</strong></span> 
     </span>
    </p>
   </div>
   <div class='ocr_carea' id='block_1_5' title="bbox 0 0 1622 5059">
    <p class='ocr_par' dir='ltr' id='par_1_13' title="bbox 0 0 1622 5059">
     <span class='ocr_line' id='line_1_39' title="bbox 0 0 1622 5059; baseline 0 0"><span class='ocrx_word' id='word_1_309' title='bbox 0 0 1622 5059; x_wconf 95' lang='lat' dir='ltr'><strong> </strong></span> 
     </span>
    </p>
   </div>
  </div>
 </body>
</html>
