3234 5059
183 344 240 443 vr]
459 344 652 421 Hundred
671 344 720 440 of
735 344 776 417 A
781 344 1005 442 rmingford
1214 362 1286 436 247

249 531 500 597 Ga'ldenmordon
523 531 682 615 [Guilden
708 532 873 615 Morden].
920 533 1037 597 Petrus
1057 533 1099 597 de
1121 531 1231 598 Beche
1253 539 1287 595 et

181 635 309 701 Walter
320 636 363 701 de
374 636 535 701 Yselham
547 644 664 701 tenent
675 635 850 701 dimidiam
864 635 978 703 hidam
989 645 1074 701 terre
1086 635 1287 719 geldabilem

180 761 239 823 per
267 740 444 805 dimidium
480 741 569 808 leodi
600 741 716 805 militis
742 740 785 805 de
815 740 942 805 honore
973 741 1108 806 Pecche
1156 740 1286 805 Ibidem

180 845 369 911 Willelmus
383 846 426 911 de
443 847 616 911 Witenton
633 854 726 911 tenet
741 844 917 913 dimidiam
933 845 1047 912 hidam
1067 855 1154 911 terre
1172 845 1287 929 gelda·
1321 859 1324 865 ·

181 948 282 1013 bilem
298 971 356 1033 per
371 950 547 1017 dimidium
565 949 653 1014 leodi
667 950 781 1015 militis
796 950 839 1013 de
855 951 974 1015 eodem
990 950 1124 1015 honore.
1155 949 1287 1015 Ibidem

181 1054 369 1119 Willelmus
393 1054 514 1119 Pikard
537 1064 632 1119 tenet
652 1044 962 1119 dimidiam'hidam
984 1064 1070 1119 terre
1085 1054 1286 1138 geldabilem

181 1180 239 1242 per
268 1158 445 1225 dimidium
476 1160 565 1224 leodi
595 1159 711 1225 militis
740 1161 784 1225 de
813 1159 934 1227 eodem
964 1160 1099 1225 honore.
1154 1158 1285 1223 Ibidem

182 1262 346 1328 Radullus
361 1265 404 1329 de
420 1265 541 1329 Baucis
557 1272 649 1329 tenet
664 1264 839 1331 dimidiam
854 1263 970 1332 hidam
985 1274 1072 1328 terre
1086 1263 1287 1347 geldabilem

181 1388 240 1449 per
262 1367 439 1433 dimidium
464 1368 552 1433 leodi
574 1368 688 1433 militis
709 1369 752 1434 de
771 1371 890 1435 eodem
912 1369 1038 1445 honore
1061 1380 1095 1433 et
1115 1368 1403 1445 dewardat145b

180 1470 289 1535 Castri
305 1471 390 1535 inira
404 1490 530 1537 annum
547 1481 581 1535 et
595 1470 772 1536 dimidIum
790 1492 857 1535 .x.s.
904 1471 1036 1536 Ibidem
1059 1472 1228 1537 Robertus
1245 1471 1287 1535 de

181 1575 290 1639 Beche
306 1584 398 1639 tenet
410 1574 584 1641 dimidiam
601 1574 714 1639 hidam
725 1584 812 1639 terre
826 1574 1029 1658 geldabilem
1041 1596 1099 1659 per
1111 1575 1287 1640 dimidium

180 1677 269 1743 leodi
295 1678 409 1743 mllitis
433 1679 476 1743 de
503 1678 630 1743 honore
654 1676 790 1742 Pecche.
837 1676 1063 1761 Baldewynus
1091 1678 1135 1743 de
1166 1680 1288 1745 Pernes

180 1792 273 1847 tenet
295 1784 346 1848 .iii.
369 1784 516 1865 virgatas
543 1792 629 1848 terre
656 1782 841 1865 geldabiles
864 1783 908 1847 de
934 1783 1066 1848 Comite
1091 1783 1134 1848 de
1161 1784 1288 1849 Sancto

183 1887 286 1951 Paulo
301 1908 360 1970 per
375 1887 550 1951 seruicium
566 1896 683 1969 quarte
699 1888 803 1970 partis
815 1888 844 1951 .i.
857 1887 980 1964 militis,
994 1897 1029 1953 et
1040 1889 1141 1958 debet
1152 1900 1288 1967 sectam,

179 2003 214 2057 et
234 1992 397 2057 auxilium
413 1993 617 2057 vicecomitis
633 1992 700 2074 .ij.s.
748 1992 879 2058 Ibidem
898 1993 1064 2059 Henricus
1082 1994 1126 2059 de
1142 1994 1287 2059 Mordon

180 2096 281 2162 debet
296 2098 324 2161 .i.
341 2106 475 2161 sectam.

252 2199 282 2263 Τ
279 2198 417 2263 adelowc
431 2198 611 2283 [Tadlow].
658 2199 763 2263 Fulco
784 2198 871 2264 filius
887 2200 1015 2266 Warini
1038 2210 1131 2267 tenet
1152 2203 1287 2267 feodum

181 2304 207 2368 .i.
225 2304 339 2369 militis
355 2305 398 2367 de
412 2304 591 2369 heredibus
608 2304 731 2387 Rogeri
747 2304 790 2367 de
806 2305 952 2388 Torpell’
967 2306 1009 2371 de
1025 2306 1125 2371 feodo
1142 2308 1287 2374 Peuerel.

182 2409 312 2473 Ibidem
338 2410 429 2473 Prior
450 2411 493 2473 de
517 2408 709 2475 Chikesond
734 2419 827 2473 tenet
848 2411 875 2474 .i.
893 2411 1007 2475 hidam
1030 2421 1064 2476 et
1080 2414 1108 2477 .i.
1123 2413 1287 2495 virgatam

180 2524 266 2577 terre
289 2513 471 2597 geldabiles
494 2513 537 2577 de
560 2514 698 2578 baronia
718 2513 878 2577 Willelmi
905 2515 949 2577 de
972 2515 1066 2581 Bello
1093 2517 1231 2599 Campo,
1254 2526 1288 2581 et

181 2617 281 2682 debet
312 2618 340 2700 .j.
366 2628 492 2681 sectam
523 2629 557 2681 et
582 2618 624 2681 de
654 2617 781 2681 auxilio
812 2617 1016 2682 vicecomitis
1046 2620 1111 2684 .iis.
1157 2620 1287 2684 Ibidem

182 2720 273 2786 Prior
302 2720 345 2785 de
377 2721 578 2787 Bernewelle
604 2730 697 2785 tenet
724 2732 846 2785 terram
873 2742 938 2804 que
968 2722 1031 2787 luit
1060 2722 1216 2807 Hugonis
1246 2724 1288 2788 de

183 2826 371 2902 Pinnecote‚
394 2834 428 2889 et
451 2834 502 2889 est
525 2824 568 2889 de
592 2825 691 2890 seodo
716 2825 837 2889 Prioris
859 2827 902 2889 de
923 2825 1109 2891 Chikesont
1131 2838 1166 2891 et
1188 2828 1288 2892 debet

180 2940 315 2993 sectam.
362 2930 467 3012 Elyas
484 2928 514 2992 le
529 2929 668 3011 Waleys
684 2939 777 2994 tenet
792 2932 820 2995 .i.
836 2930 1002 3013 virgatam
1024 2941 1118 3009 terre,
1138 2943 1173 2996 et
1188 2932 1288 2999 debet

181 3035 208 3097 .i.
233 3044 369 3099 sectam.

246 3139 389 3223 Abigton
407 3138 596 3223 [Abington
615 3139 768 3223 Pigotts].
815 3141 989 3224 Phihppus
1003 3142 1047 3205 de
1061 3142 1181 3207 eadem
1197 3152 1289 3207 tenet

182 3242 317 3307 feodum
353 3244 380 3307 .i.
412 3244 526 3308 militis
556 3244 599 3308 de
628 3244 755 3310 honore
787 3245 948 3309 Bononie.
994 3245 1126 3311 Ibidem
1157 3246 1289 3311 Alanus

180 3346 223 3411 de
260 3347 406 3430 Fugeres
442 3356 534 3411 tenet
569 3348 597 3411 .i.
632 3348 746 3413 hidam
783 3358 869 3413 terre
904 3349 1106 3434 geldabilem
1142 3372 1202 3433 per
1236 3352 1288 3417 .iii.

182 3462 310 3535 partem
335 3451 423 3516 leodi
440 3453 467 3516 .i.
485 3452 599 3517 militis
621 3452 665 3517 de
688 3451 787 3517 leodo
811 3453 935 3518 Scalar'
951 3463 984 3519 et
1007 3453 1079 3538 ipse
1102 3455 1233 3520 Alanus
1254 3466 1289 3521 et

181 3557 317 3622 feodum
334 3556 392 3621 filii
407 3556 549 3639 JoceIIni
565 3566 599 3621 et
617 3557 819 3623 Humlridus
835 3558 922 3623 filius
943 3558 1103 3625 Willelmi
1119 3561 1289 3626 debenti.

181 3672 317 3737 sectam,
333 3671 368 3727 et
382 3664 426 3728 de
440 3662 569 3727 auxilio
583 3662 788 3728 vicecomitis
803 3663 910 3747 ‚viijal
944 3664 1075 3729 Ibidem
1091 3665 1290 3732 Alexander

182 3766 212 3830 le
243 3767 370 3849 Moyne
399 3777 493 3832 tenet
517 3767 544 3832 .i.
571 3768 735 3850 virgatam
766 3776 854 3832 terre
882 3768 1086 3852 geldabilem
1115 3770 1159 3835 de
1189 3769 1289 3835 feodo

185 3872 377 3956 Hardewyn
400 3872 444 3937 de
468 3871 624 3938 Scalariis
647 3893 707 3955 per
728 3872 795 3955 adj.
819 3882 949 3957 partem
972 3872 1061 3939 leodi
1084 3874 1112 3940 .i.
1137 3874 1260 3940 militis.

247 3977 381 4043 Hattell
398 3978 498 4062 [East
517 3976 669 4063 Hatley].
716 3978 905 4043 Willelmus
925 3979 968 4043 de
992 3978 1113 4063 Quoye
1135 3980 1237 4045 debet
1260 3980 1288 4045 .i.

182 4090 309 4145 sectam
334 4100 435 4164 quam
460 4079 667 4147 concellauit.
713 4080 843 4146 Walter
868 4083 912 4146 de
939 4082 998 4146 Ho
1021 4092 1113 4147 tenet
1136 4092 1288 4165 quartem

183 4194 311 4268 partem
336 4184 424 4250 leodi
446 4186 473 4250 .i.
491 4184 605 4249 militis
628 4184 670 4249 de
693 4184 821 4252 honore
839 4184 1064 4255 Richmondie
1085 4186 1211 4253 scilicet
1226 4186 1288 4270 vij.

183 4289 329 4371 virgatas
354 4299 440 4355 terre
462 4287 655 4372 geldabilem
669 4298 704 4353 et
726 4287 828 4355 debet
848 4289 876 4353 .i.
892 4299 1017 4356 sectam
1041 4300 1075 4356 et
1097 4290 1141 4357 de
1163 4290 1290 4357 auxilio

184 4394 386 4458 vicecomitis
402 4394 468 4477 .ij.s.
