3234 5059
160 390 231 477 vn]
519 380 556 457 T
551 393 682 458 enanis
709 382 750 455 in
776 384 910 457 Bourn
1195 403 1265 477 297

158 590 267 653 supra.
313 571 399 634 Item
420 591 441 634 a
462 570 546 635 sesto
569 569 811 653 Apostolorum
834 569 922 633 Petri
940 579 974 632 et
991 569 1084 633 Pauli
1101 589 1206 654 usque
1222 568 1264 632 ad

160 673 281 738 sestum
295 675 410 741 Sancti
423 674 596 739 Michaelis
608 674 748 758 quilibet
762 675 794 738 in
811 674 999 757 septimana
1009 673 1109 738 faciet
1124 664 1268 757 quatuor

159 798 286 862 operas,
323 789 356 844 et
393 778 532 863 quilibet
568 800 682 844 eorum
718 779 845 843 secabit
874 799 992 862 operas
1029 799 1094 862 que
1130 788 1268 843 vocatur

160 882 360 965 Daywynes,
390 894 424 947 et
454 883 654 967 reparabunt
680 883 827 960 bladum,
856 894 890 947 et
920 884 1102 948 cariabunt.
1148 884 1192 947 Et
1222 883 1266 947 ad

160 986 243 1050 duas
264 988 426 1069 precarias
447 987 587 1070 quilibet
602 1008 716 1052 eorum
734 987 882 1051 inueniet
896 988 981 1051 duos
997 986 1156 1063 homines,
1173 995 1207 1050 et
1222 987 1266 1051 ad

159 1090 295 1153 terciam
333 1092 514 1173 precariam
545 1111 645 1155 vnum
682 1091 863 1167 hominem,
900 1091 943 1154 ad
981 1090 1092 1155 cibum
1129 1090 1265 1155 domini.

161 1193 207 1256 Et
227 1193 367 1276 quilibet
387 1214 501 1257 eorum
523 1192 660 1258 habebit
680 1203 713 1258 et
735 1194 871 1276 recipiet
893 1193 936 1257 de
955 1195 1121 1259 seruiente
1138 1194 1266 1258 domini

158 1297 202 1361 ad
217 1296 506 1381 quadragesimam
528 1299 591 1362 tria
611 1318 677 1363 oua
697 1319 864 1363 aucarum.
910 1298 956 1361 Et
978 1298 1192 1381 respondebit
1213 1298 1268 1363 die

159 1398 265 1461 sancti
286 1397 374 1461 Petri
396 1399 439 1462 ad
464 1397 610 1463 Uincula
630 1398 786 1462 seruienti
807 1397 935 1461 domini
957 1398 1000 1461 de
1020 1397 1151 1461 duabus
1167 1400 1266 1461 aucis.

161 1500 190 1562 N
193 1520 231 1564 ec
247 1509 386 1584 possunt
402 1502 557 1565 maritare
573 1500 657 1565 filias
673 1522 750 1565 suas
766 1502 838 1564 sine
853 1499 991 1564 licencia
1006 1500 1143 1565 domini.

225 1605 389 1669 Henricus
420 1605 462 1669 ad
503 1607 645 1671 Pontem
677 1616 768 1671 tenet
806 1608 955 1690 quinque
984 1628 1077 1672 acras
1108 1617 1202 1682 terre,
1232 1617 1266 1672 et

158 1709 308 1791 operabit
331 1730 391 1792 per
412 1729 558 1774 annum:
584 1711 709 1775 scilicet
736 1712 769 1773 in
787 1710 936 1794 qualibet
958 1712 1146 1793 septimana
1168 1711 1267 1775 saciet

157 1820 223 1875 tres
239 1833 365 1895 operas,
381 1812 443 1876 nisi
465 1813 586 1878 festum
606 1814 803 1897 impedierit,
820 1813 972 1896 exceptis
987 1813 1102 1877 Natali
1120 1815 1266 1892 Domini,

159 1916 296 1995 Pascha,
326 1916 538 1983 Pentecostes
550 1940 558 1997 ;
596 1929 630 1983 et
660 1919 797 2002 recipiet
831 1917 900 1981 duo
937 1938 1002 1980 oua
1035 1938 1192 1982 aucarum
1223 1919 1266 1982 ad

157 2022 457 2106 quadragesimam,
483 2032 517 2087 et
545 2023 762 2105 respondebit
791 2022 836 2086 de
863 2041 929 2086 vna
957 2041 1042 2085 auca
1070 2020 1114 2084 ad
1144 2020 1265 2086 festum

157 2128 262 2191 sancti
281 2127 368 2190 Petri
383 2127 426 2191 ad
445 2128 598 2205 Uincula‚
614 2139 647 2192 et
664 2128 762 2192 faciet
777 2128 959 2211 precariam
975 2128 1061 2190 sicut
1077 2135 1110 2190 et
1126 2126 1192 2209 alij,
1207 2126 1266 2190 sed

158 2251 224 2293 non
241 2231 378 2295 cariabit
395 2252 455 2295 nec
471 2230 628 2295 auerabit

223 2334 329 2399 Elena
348 2335 515 2399 Harscent
526 2344 619 2399 tenet
631 2355 730 2399 vnam
744 2335 893 2409 croftam,
905 2343 938 2398 et
950 2332 1102 2416 operabit
1118 2332 1265 2417 qualibet

157 2441 344 2522 septimana
365 2441 421 2503 die
442 2440 538 2504 Lune
559 2459 658 2503 vnam
682 2459 828 2523 operam,
845 2438 906 2501 nisi
928 2437 1050 2501 festum
1068 2437 1264 2521 impedierit.

158 2543 321 2626 Exceptis
347 2542 469 2607 Natale
494 2542 641 2621 Domini,
664 2542 799 2619 Pascha,
822 2551 855 2606 et
881 2542 1087 2620 Pentecoste,
1109 2551 1143 2606 et
1166 2542 1265 2606 saciet

156 2656 222 2711 tres
252 2648 415 2729 precarias
448 2648 482 2711 in
518 2657 705 2731 autumpno
737 2646 781 2711 de
813 2668 879 2712 vno
909 2646 1045 2711 homine
1077 2646 1121 2711 ad
1152 2646 1261 2711 cibum

155 2750 292 2816 domini.

222 2855 389 2920 Robertus
413 2856 579 2920 Harscent
599 2865 691 2922 tenet
711 2878 811 2922 vnam
833 2856 973 2921 croftam
989 2864 1024 2920 et
1039 2856 1191 2939 operabit
1205 2876 1264 2939 per

155 2981 280 3026 annum
303 2961 452 3045 qualibet
481 2964 669 3046 septimana
691 2984 791 3027 vnam
822 2984 957 3047 operam
982 2964 1025 3027 ad
1055 2962 1262 3027 voluntatem

155 3066 281 3131 domini
321 3067 448 3133 Prioris.
493 3068 540 3131 Et
577 3089 636 3151 per
672 3089 774 3133 vnum
814 3088 963 3133 mensem
1001 3070 1034 3132 in
1076 3076 1263 3151 autumpno
1277 3073 1294 3123 s·
1310 3075 1381 3138 167b

154 3170 303 3254 qualibet
324 3171 513 3255 septimana
536 3171 619 3236 duas
642 3192 769 3256 operas,
792 3173 852 3237 sed
875 3193 942 3237 non
966 3173 1064 3237 saciet
1090 3173 1262 3256 precarias.

222 3350 281 3413 lsti
311 3359 390 3413 sunt
420 3349 575 3415 Coterelli
607 3350 727 3415 Prioris
758 3352 800 3415 de
832 3351 1032 3416 Bemewelle
1058 3351 1091 3414 in
1116 3350 1195 3415 villa
1220 3350 1263 3416 de

156 3469 308 3534 Brunne:

220 3608 336 3674 Petrus
360 3611 489 3675 Messor
511 3619 602 3675 tenet
625 3610 797 3695 quoddam
821 3610 971 3675 clausum
991 3612 1035 3676 ad
1055 3613 1261 3677 voluntatem

154 3712 281 3775 domini
305 3715 434 3792 Prioris,
457 3724 491 3779 et
513 3715 614 3779 debet
637 3735 696 3798 per
717 3735 843 3779 annum
866 3715 941 3798 aiij.
966 3714 1127 3780 denarios.

219 3815 343 3881 Cecilia
358 3818 389 3882 le
405 3818 508 3901 Wyte
527 3829 620 3884 tenet
640 3819 812 3902 quoddam
829 3820 978 3884 clausum
994 3821 1038 3884 ad
1054 3820 1261 3885 voluntatem

156 3920 284 3997 Prioris,
298 3930 332 3985 et
348 3922 474 3987 secabit
493 3944 594 3988 vnam
616 3945 727 3988 acram
745 3924 836 3988 bladi
853 3926 885 3989 in
902 3936 1098 4009 autumpn0,
1112 3936 1147 3990 et
1162 3925 1263 3989 debet

153 4045 351 4107 perannum
367 4027 436 4109 .xij.
452 4027 614 4095 denarios

219 4129 348 4211 Symon
364 4130 407 4194 de
423 4132 529 4196 Walis
541 4141 633 4197 tenet
645 4133 817 4215 quoddam
829 4134 979 4198 clausum
995 4135 1038 4198 ad
1054 4134 1261 4200 voluntatem

154 4233 283 4311 Prioris,
298 4244 333 4300 et
347 4234 446 4300 debet
463 4256 522 4319 per
535 4258 661 4301 annum
678 4238 754 4301 .xvi.
770 4238 933 4302 denarios.

218 4339 355 4422 Agneta
384 4342 427 4405 de
459 4341 676 4407 Hennewelle
705 4353 798 4407 tenet
828 4343 1000 4427 quoddam
1030 4344 1179 4409 clausum
1217 4348 1260 4411 ad

152 4444 359 4508 voluntatem
386 4446 504 4511 Prioris
527 4458 561 4512 et
584 4448 684 4513 debet
708 4470 914 4531 perannum
938 4450 1013 4513 ‚xvi
1037 4451 1197 4514 denarios.
