3234 5059
798 380 1013 456 Clccsterton
1337 376 1455 478 [BOOK

659 654 686 718 3.
733 636 836 704 Carta
858 638 960 720 Regis·
976 636 1148 721 Joharrmssn

187 786 327 892 {iffissffi
402 787 547 857 Johannes
562 786 646 859 [etc]
685 789 787 845 Sciatis
808 806 861 845 nos
881 789 1055 845 concessisse
1070 799 1097 843 et
1119 786 1240 859 presenti
1259 796 1337 841 carta
1359 794 1455 840 nostra

186 887 299 942 ηΑρπιι,
350 874 533 930 confirmasse
551 876 638 931 Priori
658 888 686 933 et
702 878 847 934 canonicis
867 879 902 935 de
921 878 1091 934 Bemewelle
1104 877 1181 949 quod
1198 886 1312 931 teneant
1324 875 1360 930 de
1372 873 1455 929 nobis

186 950 304 1041 ”flung
349 974 378 1019 et
390 963 541 1021 heredibus
554 967 657 1021 nostris
666 967 860 1038 inperpetuum
872 968 965 1022 villam
974 967 1012 1022 de
1022 968 1186 1023 Cestertone
1199 982 1263 1021 cum
1276 962 1456 1036 pertinencijs

187 1038 407 1132 cffl'ssoffsuis
432 1054 470 1109 ad
495 1054 569 1110 leodi
596 1055 706 1111 firmam
735 1073 786 1127 pro
815 1056 929 1127 triginta
957 1056 1035 1111 libris
1064 1053 1260 1125 sterlingorum
1290 1053 1455 1109 blancorum

186 1140 307 1241 ffl‘ym
350 1143 495 1198 annuatim
513 1145 666 1201 reddendis
683 1144 720 1199 ad
737 1144 910 1201 scaccarium
935 1145 972 1200 ad
990 1145 1062 1199 duos
1086 1144 1152 1199 anni
1174 1144 1327 1199 terminos:
1349 1141 1455 1195 scilicet

187 1239 225 1281 ree
235 1239 308 1282 taem.
350 1234 388 1287 ad
400 1233 503 1289 festum
516 1234 607 1289 sancti
621 1234 770 1290 Michaelis
785 1234 946 1306 quindecim
964 1234 1058 1302 libras,
1072 1243 1099 1287 et
1116 1233 1153 1288 ad
1170 1232 1280 1287 Pascha
1293 1229 1455 1302 quindecim

350 1320 444 1390 libras,
458 1320 498 1375 ita
510 1322 587 1391 quod
600 1339 652 1378 nos
664 1322 752 1393 quieti
770 1323 859 1377 simus
871 1322 909 1378 de
921 1323 1018 1378 decem
1032 1321 1110 1377 libris
1126 1320 1235 1391 argenti
1250 1321 1286 1376 de
1301 1318 1455 1376 elemosina

350 1420 447 1463 nostra
459 1426 545 1479 quam
558 1410 598 1463 eis
611 1408 757 1465 annuatim
768 1411 878 1466 soluere
891 1410 1037 1466 debemus.

404 1497 498 1567 Quare
517 1498 648 1553 uolumus
666 1509 694 1553 et
712 1497 829 1555 firmiter
845 1497 1015 1569 precipimus
1037 1498 1113 1570 quod
1131 1494 1247 1568 predicti
1266 1495 1346 1551 Prior
1363 1505 1392 1549 et
1408 1511 1454 1549 ca-

351 1584 444 1640 nonici
455 1586 580 1641 habeant
590 1597 617 1641 et
626 1597 741 1642 teneant
748 1586 905 1657 predictam
916 1587 1019 1642 willam
1031 1588 1093 1657 (sic)
1105 1587 1141 1641 de
1155 1587 1319 1641 Cestertone
1332 1585 1412 1651 bene,
1426 1593 1454 1639 et

351 1672 380 1727 in
395 1691 473 1744 pace,
486 1674 574 1729 libere
589 1684 617 1730 et
634 1675 736 1746 quiete,
749 1676 866 1746 integre,
879 1677 1010 1747 plenarie,
1024 1686 1051 1731 et
1068 1674 1229 1741 honorifice,
1242 1689 1306 1727 curn
1323 1672 1454 1727 omnibus

250 1761 268 1809 l.
282 1760 338 1811 rob
350 1764 526 1820 libertatibus
538 1777 566 1821 et
578 1764 674 1821 liberis
686 1766 938 1822 consuetudinibus
951 1766 1009 1821 suis
1022 1767 1094 1821 sicut
1107 1762 1264 1835 predictum
1276 1770 1327 1817 esu
1364 1759 1454 1816 Testi-

350 1854 436 1908 bus...
475 1856 552 1910 Data
573 1872 623 1926 per
647 1872 749 1911 manus
774 1858 802 1911 S.
822 1856 1022 1911 Archidiaconi
1041 1852 1193 1911 Wellensis
1218 1862 1246 1907 et
1267 1852 1292 1922 J.
1317 1852 1353 1907 de
1378 1852 1455 1921 Gray

350 1942 549 1998 archidiaconi
580 1943 812 2000 Glowcestrensis
842 1943 918 2015 apud
950 1944 1114 2001 Porcestre.
1129 1950 1261 2008 xx⁰th⁰.
1275 1940 1322 1998 die
1350 1938 1455 2011 Aprilis

351 2030 444 2100 Regni
465 2032 551 2086 nostri
570 2048 646 2087 anno
665 2031 764 2103 primo.

349 2210 379 2273 4
424 2194 476 2258 De
494 2194 792 2280 confirmacionibus
812 2196 914 2280 Regis
934 2195 1075 2261 Hmrici
1091 2206 1123 2260 et
1142 2195 1244 2280 Regis
1262 2192 1454 2258 Eadwardi.

416 2341 470 2405 De
495 2342 642 2406 Henrico
665 2342 759 2425 Rege
782 2342 851 2407 lilio
876 2342 978 2425 Regis
1000 2341 1163 2425 Johannis
1185 2340 1348 2405 habemus
1370 2341 1455 2405 duas

349 2455 459 2509 cartas
492 2445 777 2512 confirmacionis:
816 2448 941 2511 scilicet
971 2467 1032 2530 pro
1064 2452 1154 2510 xxx·
1184 2445 1274 2509 libris
1304 2444 1455 2509 blanchis

350 2566 465 2616 .xxxl
482 2604 488 2617 .
506 2552 597 2617 libris
627 2574 774 2618 numero.
825 2555 878 2618 De
911 2553 1005 2637 Rege
1032 2552 1222 2617 Eadwardo
1252 2550 1321 2615 filio
1352 2550 1456 2633 Regis

352 2659 490 2723 Henrici
526 2660 690 2724 habemus
727 2670 853 2725 cartam
895 2658 1159 2723 confirmacionis
1200 2679 1265 2742 que
1306 2657 1456 2721 continet

350 2774 500 2827 tenorem
523 2765 627 2847 patris
648 2764 709 2841 sui,
731 2765 806 2828 sic:

590 2935 615 3001 5.
663 2919 877 3005 Confirmatio
898 2919 1001 3005 Regis
1022 2918 1217 2983 Eadwardi.

187 3069 290 3112 cherres
299 3069 327 3109 or
403 3064 578 3119 Eadwardus
599 3065 654 3119 Dei
673 3063 770 3134 gracia
788 3075 841 3120 etc.
880 3064 1059 3135 Inspeximus
1083 3073 1190 3119 cartam
1214 3063 1406 3118 concessionis
1427 3074 1456 3118 et

186 3120 335 3220 mpsim
349 3152 575 3208 confirmacionis
593 3152 829 3222 quemdominus
849 3154 990 3207 Henricus
1008 3152 1152 3224 quondam
1176 3154 1236 3206 Rex
1254 3151 1357 3221 Anglie
1375 3161 1456 3221 pater

186 3221 326 3311 {ssfflffl’
350 3250 445 3296 noster
457 3240 522 3295 fecit
537 3238 624 3293 Priori
637 3251 666 3295 et
677 3241 822 3295 canonicis
836 3240 871 3295 de
886 3240 1057 3295 Bemewelle
1071 3240 1099 3294 in
1111 3240 1164 3296 hec
1177 3238 1282 3294 verba:

183 3320 313 3460 ῖξιξῐζῑξζο
404 3327 544 3383 Henricus
564 3324 649 3397 [eth.
688 3326 789 3382 Sciatis
810 3345 862 3383 nos
881 3327 1056 3383 concessisse
1075 3337 1102 3381 et
1121 3326 1243 3398 presenti
1262 3336 1340 3381 carta
1360 3336 1457 3381 nostra

186 3421 303 3511 ‘pm
350 3414 532 3471 confirmasse
561 3415 649 3469 Priori
681 3425 709 3470 et
738 3415 883 3471 canonicis
914 3416 950 3470 de
983 3416 1153 3470 Bemewelle
1182 3414 1260 3484 quod
1288 3414 1384 3468 villam
1419 3414 1455 3469 de

186 3519 273 3561 nemen
283 3520 316 3569 ny
350 3506 515 3560 Cestertone
531 3520 597 3558 cum
609 3504 791 3573 pertinenciis
807 3506 866 3560 suis
883 3522 968 3575 quam
985 3504 1117 3560 dominus
1134 3504 1279 3574 Johannes
1298 3504 1357 3557 Rex
1376 3512 1456 3574 pater

187 3569 296 3721 ἓξὲξ
307 3569 327 3611 ¹⁸
349 3605 446 3649 noster
463 3592 505 3649 eis
522 3602 701 3647 concesserat
719 3604 748 3648 et
765 3603 845 3648 carta
862 3610 913 3648 sua
931 3592 1108 3648 confirmauit
1128 3592 1164 3647 ad
1184 3592 1258 3647 feodi
1275 3591 1385 3645 firmam
1405 3608 1456 3663 pro

187 3680 198 3710 ¹
239 3700 244 3711 ·
349 3684 464 3754 triginta
483 3681 563 3738 libris
582 3680 779 3751 sterlingorum
798 3682 963 3738 blancorum
984 3682 1130 3737 annuatim
1149 3681 1301 3737 reddendis
1322 3681 1360 3736 ad
1378 3700 1455 3738 scac-

349 3772 457 3827 carium
469 3782 597 3827 nostrum
609 3771 733 3825 habeant
745 3780 774 3825 et
787 3780 900 3826 teneant
913 3771 949 3826 de
962 3781 1055 3826 cetero
1068 3771 1108 3825 sic
1121 3771 1155 3824 de
1168 3770 1250 3825 nobis
1263 3780 1291 3825 et
1304 3770 1455 3827 heredibus

349 3861 453 3916 nostris
470 3860 507 3915 ad
524 3860 599 3915 feodi
616 3858 727 3914 firmam
745 3877 796 3929 pro
813 3859 927 3929 triginta
944 3878 999 3915 vna
1016 3860 1093 3916 libris
1106 3877 1222 3915 numero
1234 3860 1404 3917 reddendis¹
1417 3863 1456 3917 ad

349 3949 523 4003 scaccarium
541 3958 669 4003 nostrum
687 3947 725 4001 ad
743 3949 815 4002 duos
833 3948 968 4003 terminos
986 3947 1092 4004 scilicet
1110 3947 1147 4002 ad
1166 3949 1276 4002 Pascha
1292 3948 1455 4019 quindecim

349 4037 436 4092 libras
456 4047 484 4091 et
505 4037 605 4091 decem
626 4034 741 4099 solidos,
767 4038 855 4091 etad
878 4036 980 4091 festum
1003 4036 1093 4091 sancti
1119 4034 1268 4091 Michaelis
1292 4036 1455 4107 quindecim

349 4126 435 4180 libras
453 4137 482 4181 et
500 4126 598 4180 decem
617 4126 731 4180 solidos.

404 4215 449 4267 lta
460 4213 536 4284 quod
553 4230 605 4267 nos
622 4223 651 4268 et
668 4213 786 4268 heredes
798 4213 886 4268 nostri
899 4213 1035 4284 perhanc
1048 4212 1261 4269 concessionem
1274 4225 1400 4270 nostram
1413 4216 1454 4270 eis

348 4302 453 4356 factam
482 4300 568 4372 quieti
599 4302 703 4357 crimem
732 4300 929 4372 inperpetuum
959 4302 995 4357 de
1019 4302 1116 4357 decem
1142 4301 1221 4357 libris
1245 4304 1354 4372 argenti
1383 4320 1454 4373 quas

691 4421 701 4453 ¹
717 4421 782 4473 libra
792 4438 897 4475 numero
908 4423 1040 4484 reddend'‚
1055 4424 1110 4475 MS.
