3234 5059
487 387 547 459 liis
573 387 695 483 rights
720 414 765 461 on
791 414 815 461 o
842 413 998 484 voconcy
1242 414 1291 481 49

278 589 329 652 24
373 574 426 636 De
446 573 661 637 instrumento
682 573 770 658 quod
792 572 958 639 Gilbertus
980 572 1097 638 Pecche
1110 574 1198 656 fecit

557 677 596 740 de
618 678 690 741 iure
702 687 910 760 patronatus.

247 814 471 897 Temporibus
500 814 589 879 bone
619 814 779 877 memorie
805 814 933 879 domini
959 813 1070 896 Jolani
1098 814 1219 877 Prioris
1246 814 1289 879 de
1303 812 1399 905 {¹332st

181 918 392 995 Bemewelle,
415 919 491 983 fecit
516 919 671 982 dominus
699 919 868 983 Gilbertus
893 918 1018 982 Pecche
1040 919 1212 1001 quoddam
1241 919 1288 982 in·
1302 913 1391 1005 {iffi
1414 964 1454 1006 h„

179 1028 401 1082 strumentum
425 1020 457 1082 in
481 1039 549 1101 quo
571 1019 761 1082 continetur
782 1018 889 1081 forma
910 1032 968 1101 per
989 1040 1089 1101 quam
1107 1020 1288 1102 proceden-
1302 1012 1436 1116 ξξξξζξε,

178 1122 260 1185 dum
280 1132 331 1184 est
355 1131 506 1204 tempore
527 1120 715 1183 uacacionis
737 1121 875 1184 ecclesie
900 1120 1057 1204 predicte,
1079 1122 1172 1185 cuius
1192 1131 1288 1186 tenor
1301 1114 1445 1217 lgssfflssy

178 1234 230 1289 est
252 1225 348 1288 talis:
1300 1213 1430 1307 iiiiii?

230 1336 371 1391 Omnibus
400 1336 452 1389 has
475 1336 584 1391 litteras
608 1335 775 1406 inspecturis
801 1336 944 1391 Gilbertus
970 1336 1079 1391 Pecche
1108 1336 1228 1391 salutem
1256 1336 1286 1390 in
1300 1340 1317 1389 l.
1333 1340 1362 1390 16

175 1424 292 1479 domino
316 1424 525 1493 sempiternam.
564 1423 683 1478 Nouerit
708 1422 878 1478 uniuersitas
902 1433 997 1478 uestra
1021 1441 1067 1479 me
1088 1424 1125 1479 ad
1150 1423 1285 1479 dilucida-

175 1511 287 1566 cionem
313 1510 380 1565 iuris
404 1521 571 1580 patronatus
592 1511 669 1582 quod
689 1511 783 1565 haheo
801 1512 829 1565 in
852 1512 1025 1566 monasterio
1046 1511 1083 1566 de
1106 1511 1285 1580 Bernewelle,

175 1617 241 1656 cum
254 1600 348 1669 ipsum
359 1615 462 1655 uacare
474 1598 632 1668 contigerit,
642 1616 694 1669 pro
707 1615 753 1653 me
764 1608 793 1653 et
805 1598 957 1654 heredibus
970 1599 1041 1653 meis
1054 1600 1083 1653 in
1096 1599 1284 1670 subscriptam

174 1688 295 1742 formam
311 1688 498 1756 consensisse,
511 1699 540 1743 et
554 1687 698 1743 canonicis
715 1686 843 1742 eiusdem
860 1687 1059 1743 inuiolabiliter
1076 1688 1284 1743 obseruandam

174 1776 359 1831 concessisse.

229 1862 399 1917 Ordinatum
415 1873 459 1917 est
476 1862 561 1931 igitur
577 1878 611 1915 ex
627 1863 771 1916 communi
786 1877 914 1929 assensu,
927 1879 991 1917 meo
1004 1862 1135 1917 uidelicet
1147 1872 1175 1917 et
1187 1879 1283 1933 supra·
1298 1869 1398 1962 {mm
1407 1933 1449 1963 m

173 1952 315 2006 dictorum
333 1950 543 2016 canonicorum,
562 1950 639 2021 quod
659 1968 725 2006 cum
747 1951 941 2021 supradictum
960 1951 1162 2006 monasterium
1181 1968 1283 2008 uacare
1297 1976 1322 2011 to
1332 1970 1422 2012 inform

173 2040 331 2109 contigerit,
344 2038 420 2109 quod
439 2040 477 2093 ad
495 2055 541 2092 me
560 2038 583 2092 si
603 2038 632 2091 in
651 2054 739 2107 regno
757 2038 860 2108 Anglie
878 2039 965 2107 fuero,
978 2040 1023 2095 uel
1041 2039 1079 2093 ad
1097 2040 1283 2095 senescallum
1297 2020 1446 2113 {²222ssssssss

172 2144 268 2183 meum
286 2128 334 2199 qui
353 2145 404 2198 pro
423 2138 549 2197 tempore
567 2126 658 2193 suerit,
675 2128 700 2181 si
718 2137 797 2182 extra
814 2144 933 2197 regnum
950 2128 1037 2197 fuero,
1053 2128 1176 2184 debeant
1195 2146 1282 2184 unum
1296 2120 1408 2224 ξζξξξηγ

173 2218 219 2271 uel
231 2218 303 2271 duos
316 2215 470 2271 canonicos
482 2215 625 2270 destinare
637 2225 665 2269 et
678 2232 728 2285 per
740 2214 857 2269 eosdem
869 2215 1053 2270 uacaciouem
1066 2216 1109 2269 sui
1119 2218 1280 2287 monasterij
1296 2220 1415 2314 &pum

172 2304 344 2360 denunciare
361 2323 395 2360 ac
412 2304 505 2360 taliter
523 2304 635 2359 dicere:
654 2304 776 2358 Domine
792 2304 834 2358 ad
847 2321 897 2358 uos
913 2310 1060 2374 tamquam
1075 2305 1117 2359 ad
1123 2308 1281 2375 patronum
1296 2321 1357 2362 rtur
1366 2323 1430 2364 done

170 2400 301 2448 nostrum
312 2394 474 2461 accedimus,
488 2400 516 2447 et
525 2393 702 2447 uacoo'onem
717 2393 817 2447 &mus
832 2400 925 2448 nostre
940 2393 1018 2448 uobis
1031 2394 1242 2460 denuna'amus,
1256 2400 1284 2447 et
1295 2371 1445 2472 ssssffiissn

171 2480 228 2554 [de]
245 2489 338 2537 uestro
354 2483 522 2553 beneplacito
536 2481 579 2535 ad
589 2482 748 2536 electionem
765 2488 892 2537 nostram
901 2484 1091 2553 procedemus.
1124 2482 1188 2553 Quo
1206 2482 1280 2538 sacto
1294 2472 1377 2563 3222·
1387 2474 1446 2565 fimf}

170 2572 260 2641 petita
277 2570 395 2625 licencia
413 2571 477 2625 licet
495 2587 551 2625 non
570 2580 688 2640 optenta
705 2580 824 2641 possunt
843 2570 934 2626 redire
951 2571 1039 2626 libere
1055 2571 1094 2626 ad
1109 2571 1278 2641 eligendum.
1293 2572 1445 2664 dddleihfirto

172 2659 246 2714 Cum
258 2670 352 2713 autem
365 2658 465 2713 electio
482 2656 558 2714 lacta
573 2658 664 2726 fuerit,
677 2657 782 2713 debent
796 2659 917 2713 electum
935 2676 1017 2715 suum
1034 2658 1120 2714 michi
1133 2668 1279 2730 tamquam
1294 2672 1324 2713 be
1343 2672 1445 2715 nannet

170 2757 290 2817 patrono
307 2756 335 2801 et
351 2746 502 2802 heredibus
518 2747 590 2802 meis
606 2756 777 2816 presentare,
790 2757 819 2802 et
836 2764 1006 2802 consensum
1023 2763 1118 2801 meum
1131 2748 1278 2819 requirere.
1293 2722 1419 2823 ξῖξίοῬ

171 2835 305 2891 Concedo
317 2845 413 2890 autem
430 2834 514 2890 dictis
531 2834 675 2889 canonicis
693 2843 723 2888 ut
739 2834 854 2889 racione
869 2844 1035 2905 patronatus
1048 2852 1132 2906 quem
1145 2836 1237 2891 haheo
1250 2836 1277 2890 in
1294 2838 1376 2882 lithi-

169 2939 267 2977 eorum
285 2922 457 2977 monasterio
478 2918 583 2993 [nullus
605 2921 742 2977 heredum
762 2922 806 2976 vel
829 2937 1024 2977 successorum
1045 2938 1172 2976 meorum
1189 2922 1278 2993 possit
1292 2897 1435 2982 arguent

168 3011 293 3081 aliquam
311 3008 536 3065 destruccionem
556 3008 648 3063 iacere
666 3009 695 3061 in
713 3009 816 3064 eodem
833 3006 1033 3079 monasterio]¹
1051 3019 1179 3081 tempore
1195 3027 1278 3066 uam.
1292 2991 1442 3084 gfffflfe·

169 3097 259 3152 cionis
283 3097 344 3152 siue
369 3097 527 3165 uendendo,
549 3096 703 3165 largiendo,
728 3095 914 3150 distrahendo
938 3096 1015 3151 bona
1041 3098 1205 3153 eorumdem
1229 3108 1278 3153 aut
1291 3090 1443 3184 ffinghffl

169 3187 307 3241 mutando
328 3182 423 3256 aliqua
444 3201 563 3256 quorum
583 3182 708 3239 mutacio
730 3183 768 3237 ad
787 3183 944 3254 dampnum
966 3183 1092 3240 eiusdem
1114 3185 1277 3255 monasterij
1291 3190 1405 3293 333ng

168 3273 228 3330 fore
240 3272 478 3343 comprobabitur.
513 3273 552 3327 Et
564 3283 594 3327 ut
606 3273 685 3327 nulla
697 3271 811 3327 occasio
823 3271 1015 3327 distractionis
1027 3273 1072 3326 uel
1085 3270 1277 3327 distractionis
1290 3301 1403 3350 vpeancy

168 3363 226 3432 fiat,
244 3363 310 3417 volo
334 3372 362 3417 et
384 3362 492 3417 eisdem
516 3361 661 3416 canonicis
687 3361 822 3429 concedo,
848 3370 879 3415 ut
903 3358 932 3413 in
956 3370 1082 3430 tempore
1107 3359 1276 3429 uacacionis‚
1290 3341 1394 3433 {lssfisslb

167 3450 304 3523 quamdiu
320 3449 523 3505 monasterium
541 3466 624 3504 suurn
640 3464 743 3505 uacare
761 3448 920 3517 contigerit,
938 3466 993 3503 non
1013 3448 1135 3503 habeam
1152 3465 1205 3518 ego
1224 3465 1276 3503 uec
1290 3441 1410 3535 ildino.

166 3538 269 3609 aliquis
280 3553 474 3592 successorum
484 3553 612 3592 meorum
622 3536 676 3592 nisi
686 3554 774 3591 uuum
786 3535 922 3592 famulum
936 3552 1002 3590 cum
1012 3553 1085 3607 equo
1094 3546 1123 3593 et
1135 3536 1275 3606 garcione,

167 3624 224 3696 qui,
245 3635 360 3695 propter
381 3624 608 3693 recognicionem
625 3624 696 3694 juris
717 3634 882 3695 patronatus
901 3624 956 3680 mei
974 3634 1002 3680 et
1020 3642 1148 3680 meorum
1167 3640 1276 3680 succes-

166 3730 271 3782 sorum,
279 3714 384 3769 habeat
392 3712 1275 3785 simplicempossessionem3quinullamlaciatdestructionem

165 3811 250 3873 prout
258 3802 386 3873 superius
396 3802 504 3857 dictum
513 3811 557 3857 est
564 3823 572 3869 ;
585 3803 637 3857 sed
644 3818 702 3857 una
708 3819 775 3858 cum
781 3801 949 3857 officialibus
956 3803 1058 3860 domus
1067 3820 1098 3859 se
1107 3803 1276 3859 intromittat

164 3889 205 3945 ad
213 3889 381 3944 saluaudum
391 3887 488 3944 omnia
496 3890 572 3945 hona
582 3890 651 3958 eius,
661 3890 753 3947 donec
762 3890 799 3946 de
808 3891 901 3961 priore
911 3891 1056 3961 prouisum
1065 3892 1148 3947 suerit
1157 3892 1273 3948 eisdem.

167 3978 254 4032 Hanc
267 3976 351 4045 igitur
362 3977 555 4048 supradictam
567 3976 688 4033 sormam
700 3988 729 4034 et
745 3978 905 4033 libertatem
918 3978 1043 4033 concedo
1056 3978 1163 4035 eisdem
1176 3990 1275 4035 contra

165 4080 253 4134 quam
270 4064 336 4118 nolo
348 4062 424 4134 quod
436 4062 538 4134 aliquis
551 4063 687 4119 heredum
704 4064 749 4119 uel
765 4080 960 4119 successorum
977 4081 1104 4121 meorum
1122 4065 1227 4136 aliquid
1245 4066 1274 4119 in

164 4152 351 4224 preiudicium
375 4152 502 4208 eiusdem
534 4152 697 4225 monasterii
726 4162 884 4222 attemptet.
928 4154 966 4208 Et
990 4164 1020 4209 ut
1046 4154 1098 4209 hec
1127 4154 1274 4209 concessio

163 4240 373 4310 imperpetuum
384 4241 470 4295 robur
485 4240 590 4295 habeat
605 4250 633 4295 et
649 4239 821 4308 firmitatem,
834 4240 891 4294 duo
908 4240 1094 4296 instrumenta
1110 4242 1139 4295 in
1156 4240 1274 4295 modum

214 4350 224 4383 ¹
239 4352 323 4403 These
338 4352 428 4410 words,
440 4352 546 4403 omitted
562 4353 589 4402 iu
604 4353 647 4404 the
662 4353 731 4410 MS„
745 4368 787 4403 are
803 4352 919 4419 supplied
934 4352 998 4403 from
1015 4354 1057 4405 the
1073 4354 1232 4419 Imperimus
1247 4352 1273 4402 iu

162 4436 248 4485 which
259 4436 302 4485 the
312 4436 377 4485 ‹leed
388 4435 410 4485 is
421 4436 523 4501 quoted.
560 4436 608 4487 See
620 4436 712 4497 below,
725 4436 807 4502 Chap.
821 4439 860 4493 28,
873 4453 897 4502 p.
914 4452 953 4500 5²·

244 4551 271 4597 (ἒ
1172 4556 1191 4611 4
