3234 5059
167 369 224 468 ιν]
276 371 352 444 Tre
385 370 567 444 Toxotzon
592 371 642 467 of
657 369 757 467 Papa
786 369 957 467 Gregory
980 369 1033 458 X,
1069 388 1159 462 1275
1202 391 1271 460 199

165 557 273 612 Westle
568 574 603 610 .x.
655 572 733 612 marc
816 554 953 610 vicesima
1024 552 1084 608 dim
1096 569 1174 607 marc

168 649 244 716 Burg
568 665 601 700 .x.
688 685 706 714 „
866 683 883 712 „
1025 643 1085 696 dim
1097 658 1175 696 marc

167 735 299 790 Brinkele
570 753 604 790 .x.
691 773 707 803 ,‚
868 772 884 800 „
1026 729 1085 784 dim
1098 745 1175 783 marc

165 821 351 893 Willingham
571 821 627 877 .iiil.
690 861 707 890 ,‚
868 861 884 890 „
1027 816 1117 872 .mii.
1131 817 1186 872 den

168 910 247 964 Prior
264 911 301 965 de
320 912 416 966 Lenes
436 911 465 964 in
482 927 550 981 pen-

201 997 280 1053 sione
569 998 622 1052 .xii.
672 997 727 1052 den
863 1036 882 1065 „
1025 995 1062 1049 ob
1074 993 1134 1048 dim
1146 1001 1229 1063 quart

169 1087 248 1142 Idem
262 1086 291 1141 in
304 1086 405 1140 eadem
570 1087 606 1158 .ij.
675 1103 753 1142 marc
867 1126 885 1154 ‚‚
1027 1083 1089 1138 .xvi.
1103 1083 1159 1138 den

167 1174 316 1231 Carietone
568 1192 603 1229 .v.
696 1215 713 1243 „
867 1212 883 1242 „
1025 1173 1069 1226 .xl.
1083 1171 1139 1225 den

168 1263 247 1318 Prior
259 1264 295 1319 de
307 1265 402 1320 lewes
412 1263 441 1318 in
452 1262 552 1318 eadem
570 1261 626 1317 .iiii.
698 1301 715 1332 ‚,
867 1301 884 1331 „
1027 1260 1116 1331 .xxxij.
1130 1260 1187 1314 den

167 1349 248 1405 Idem
261 1351 336 1422 prior
351 1351 381 1404 in
399 1351 549 1406 Carletone

200 1445 229 1491 et
241 1435 426 1506 Willingham
438 1436 467 1492 in
479 1446 549 1492 tem·

202 1524 344 1596 poralibus
568 1541 637 1578 .xxrc
670 1522 690 1577 li
867 1562 884 1591 ,‚
1027 1538 1095 1574 nom
1109 1520 1151 1574 sol

167 1614 302 1669 Westone
570 1631 622 1667 .xv.
670 1629 749 1666 marc
866 1650 884 1679 ‚,
1026 1628 1059 1664 .x.
1073 1610 1116 1662 sol

168 1701 248 1756 Prior
256 1701 292 1756 de
303 1702 400 1756 Lenes
413 1700 441 1754 in
450 1700 552 1756 eadem
570 1719 604 1755 .v.
688 1739 705 1770 „
864 1738 882 1769 ‚,
1024 1699 1067 1752 .xl.
1081 1698 1137 1752 den

169 1789 249 1844 ldem
265 1787 344 1844 Prior
356 1789 384 1843 in
397 1788 535 1860 pensione
571 1807 640 1844 .xror.
675 1789 694 1842 d
868 1826 885 1855 ,‚

169 1877 247 1932 Prior
259 1877 295 1932 de
310 1877 427 1932 Hatield
440 1877 526 1946 Regis
570 1895 603 1930 ‚rc
670 1875 713 1930 sol
866 1915 884 1945 „

167 1965 326 2035 Wrattinge
570 1984 621 2019 .xx.
671 1981 749 2018 marc
867 2003 884 2031 „

169 2053 319 2107 Balesham
572 2053 615 2106 .xl.
692 2091 709 2119 „

170 2139 550 2210 Wendenemagna¹indio

202 2229 259 2284 cesi
274 2229 393 2284 London
571 2229 624 2284 .xii.
691 2268 707 2298 ,‚

171 2461 196 2524 3.
242 2445 312 2509 Her
337 2447 461 2509 tarracia
476 2447 572 2527 facta
585 2446 661 2526 fuit
673 2457 737 2528 per
760 2445 957 2528 magistrum
984 2443 1213 2528 Reymundum
1236 2443 1276 2506 de

255 2551 410 2634 Nogcrrjs
434 2561 466 2614 ct
486 2552 633 2634 fratrem
653 2551 838 2635 Johannem
864 2551 903 2614 dc
928 2550 1125 2633 Erlingtone
1147 2549 1275 2615 ordinis

247 2655 486 2738 predicatorum
502 2665 578 2740 post
597 2656 766 2719 concilium
788 2655 1013 2738 Lugdunense.

234 2795 386 2858 Taxacio
406 2793 494 2859 facta
513 2816 572 2878 per
588 2795 783 2876 magistrum
802 2794 1043 2876 Reymundum
1059 2793 1102 2855 de
1119 2789 1274 2873 Nogerijs
1288 2795 1423 2897 &3235

169 2907 202 2961 et
226 2897 360 2962 fratrem
384 2898 573 2980 Johannem
596 2900 638 2963 de
662 2898 862 2980 Erlingtone
884 2908 961 2980 post
983 2895 1160 2959 concilium
1185 2895 1274 2977 Lug·
1288 2896 1436 2998 <mmm

170 3001 336 3065 dunense¹
356 3022 445 3065 anno
465 3002 594 3065 domini
617 3007 691 3078 .m⁰.,
714 3006 783 3066 ,cc⁰.
806 3001 1053 3083 septuagesimo
1073 2999 1192 3081 quinto
1214 3019 1274 3082 pro
1288 2997 1381 3050 ¹⁰¹²⁷⁵·

170 3105 301 3167 decima
316 3105 586 3188 quemdominus
600 3126 688 3194 papa
701 3103 881 3188 Gregorius
893 3103 1030 3186 petebat
1042 3101 1086 3165 ab
1097 3101 1274 3166 uniuersali

171 3205 323 3270 Ecclesia
344 3207 387 3272 ad
411 3229 472 3273 sex
496 3229 601 3273 annos
625 3211 658 3273 in
683 3209 869 3274 subsidium
897 3217 983 3275 terre
1002 3216 1129 3271 sancte.
1179 3206 1275 3269 Tunc

170 3312 322 3394 quidem⁸
333 3333 399 3375 non
417 3318 526 3377 erant⁴
537 3315 685 3378 contenti
701 3313 841 3397 predicti
857 3323 1030 3378 taxatores
1042 3313 1084 3375 de
1096 3312 1275 3375 taxacione

172 3415 396 3499 Norwycensi,
423 3417 481 3480 sed
505 3419 619 3481 omnia
641 3417 788 3481 lecerunt
811 3416 921 3480 taxari
943 3416 1127 3479 secundum
1158 3435 1274 3478 uerum

170 3519 326 3596 ualorem,
341 3521 490 3585 dicentes
511 3521 645 3604 insuper
664 3521 755 3604 quod
775 3520 889 3584 omnia
910 3539 975 3602 que
991 3517 1115 3581 habent
1132 3517 1274 3598 religiosi

169 3623 354 3705 spiritualia
376 3636 463 3702 sunt,
482 3635 515 3689 et
538 3627 585 3689 sic
608 3626 741 3690 contriti
762 3635 840 3689 sunt
861 3622 1005 3706 religiosi
1027 3621 1174 3705 dupplici
1197 3642 1274 3685 con-

169 3727 392 3811 tri[bu]cione,
408 3731 565 3813 quoniam
583 3751 658 3793 curn
676 3729 767 3793 laicis
783 3728 1042 3793 conterebantur
1056 3725 1175 3790 dantes
1188 3726 1274 3808 Regi

170 3831 345 3910 decimam,
354 3835 555 3911 vicesimam,
565 3843 598 3898 et
614 3832 933 3918 quintamdecimam
951 3852 1011 3914 pro
1023 3829 1276 3913 temporalibus;

171 3946 204 4000 et
229 3937 462 4002 nichilominus
487 3937 530 4002 de
552 3937 678 4002 eisdem
706 3938 872 4002 decimam
895 3956 972 4001 cum
999 3935 1135 4000 clericis,
1179 3933 1276 3998 Tunc

169 4042 305 4124 quidem
327 4051 422 4105 erant
440 4039 530 4105 bona
550 4041 748 4126 temporalia
767 4051 801 4105 et
821 4040 1006 4123 spiritualia
1021 4040 1213 4122 spectancia
1232 4038 1275 4102 ad

169 4147 351 4228 prioratum
374 4147 417 4211 de
439 4146 640 4210 Bernewelle
661 4156 780 4211 taxata
795 4147 839 4211 ad
855 4148 1056 4230 quingentas
1072 4166 1201 4210 marcas
1217 4165 1276 4226 per

219 4283 228 4316 ¹
246 4284 323 4334 Great
335 4283 457 4343 Wenden‚
473 4283 560 4334 Essex.

217 4365 301 4416 'The
320 4365 377 4429 14th
395 4365 503 4416 Generel
520 4365 626 4416 Council
643 4373 680 4416 sat
697 4374 724 4416 at
741 4366 827 4430 Lyons
843 4365 922 4416 under
938 4366 982 4415 the
998 4365 1146 4431 presidency
1162 4364 1191 4413 oi
1208 4364 1276 4430 Pope

170 4451 283 4516 Gregory
295 4451 328 4499 X.
341 4463 354 4514 7
368 4449 494 4514 May-17
504 4447 572 4513 July‚
588 4462 658 4513 1²74·

218 4533 229 4566 ⁸
245 4534 357 4599 quidm,
368 4533 425 4584 MS.
757 4531 769 4561 ⁴
785 4538 848 4592 erat,
861 4530 919 4581 MS.
