3234 5059
335 372 404 420 222
462 348 524 445 Os
540 350 602 423 tte
618 350 716 449 first
740 349 943 426 dedication
969 351 1017 449 of
1033 352 1095 425 tlte
1123 349 1272 426 Church
1316 350 1435 449 [onore

167 551 296 654 §diffie
331 557 407 601 cum
431 537 654 603 sollicitudine
676 560 808 621 magna.
854 539 911 604 Ad
936 538 1156 622 mitigandam
1183 559 1264 603 uero
1287 539 1435 622 episcopi

166 654 289 745 2323ss
333 643 599 726 indignacionem
626 645 757 726 scripsit
786 645 878 707 Prior
902 643 1011 708 eidem
1037 645 1197 727 episcopo
1222 664 1281 726 per
1307 642 1435 706 litteras

165 752 315 852 {fifi‘llffifig
331 768 408 810 suas
431 758 585 831 patentes
608 748 740 810 ueniam
764 758 890 831 petens,
913 769 996 829 quas
1022 768 1081 830 per
1103 746 1309 829 subpriorem
1337 766 1433 809 suurn

165 852 285 955 ia'ssfm'
331 852 440 915 eidem
463 853 621 936 episcopo
645 854 858 935 presentauit.
902 850 1033 935 Quibus
1058 852 1211 935 perlectis
1234 850 1326 915 fleuit
1348 852 1435 933 epis-

331 976 435 1039 copus
450 968 484 1021 et
499 958 648 1021 debitum
670 958 805 1022 dimisit.
853 960 974 1022 Postea
989 966 1125 1041 rogatus
1146 958 1321 1041 episcopus
1342 957 1435 1020 uenit

331 1062 496 1145 pacificus,
523 1073 556 1127 et
580 1064 752 1128 ecclesiam
779 1063 1005 1127 reconciliauit
1028 1083 1104 1127 cum
1133 1082 1256 1145 magna
1277 1061 1434 1144 sollemp-

330 1166 435 1231 nitate
448 1188 455 1245 ;
472 1187 594 1251 aquam
610 1168 822 1233 benedictam
838 1186 915 1231 cum
930 1166 1009 1231 vino
1023 1177 1057 1232 et
1069 1168 1187 1241 cinere,
1197 1177 1249 1230 ter
1259 1165 1433 1230 ecclesiam

330 1271 491 1335 circuiens
507 1271 643 1335 interius
665 1281 697 1335 et
719 1282 769 1336 ter
789 1272 946 1347 exterius,
964 1271 1055 1354 large
1074 1269 1169 1335 dedit
1189 1271 1222 1333 in
1245 1268 1436 1352 parietibus,

330 1383 364 1437 et
380 1376 505 1457 populo
519 1376 768 1441 circumastanti
790 1375 977 1457 largissime
997 1376 1031 1439 in
1052 1374 1226 1450 frontibus,
1242 1386 1276 1439 et
1296 1374 1432 1439 missam

329 1478 509 1545 celebrauit
524 1481 567 1544 ad
581 1500 740 1564 magnum
756 1480 861 1546 altare
876 1479 919 1544 de
931 1480 1057 1546 Sancto
1071 1480 1203 1563 Egidio,
1214 1490 1248 1545 et
1260 1480 1433 1563 indulgen-

330 1586 415 1649 ciam
437 1587 491 1651 .xl.
512 1586 639 1651 dierum
660 1588 834 1664 concessit,
852 1596 887 1651 et
907 1597 1086 1670 postquam
1107 1587 1220 1650 omnia
1243 1585 1434 1668 compleuit,

331 1712 481 1756 reuersus
506 1704 557 1757 est
586 1694 630 1757 ad
662 1692 837 1776 prandium
868 1714 965 1756 suum
997 1692 1040 1755 ad
1072 1692 1213 1755 Dittone
1242 1701 1277 1755 et
1306 1689 1431 1755 nullam

331 1797 601 1879 procuracionem
612 1799 744 1879 recepit.
783 1798 886 1860 Facta
896 1806 947 1861 est
957 1798 1017 1860 hec
1028 1795 1255 1859 reconciliacio
1266 1795 1434 1860 dominica

331 1903 490 1966 secunda¹
514 1902 768 1986 quadragesime
791 1901 897 1985 pridie
922 1922 1027 1965 nonas
1052 1900 1169 1984 Marcij
1194 1922 1284 1965 anno
1306 1900 1433 1964 domini

332 2015 397 2070 .m⁰.
412 2016 471 2071 cc0.
487 2006 600 2071 lxxx0.
615 2012 757 2070 octauo².
835 2006 880 2068 Et
921 2005 1009 2069 idem
1047 2005 1218 2087 Johannes
1258 2006 1434 2088 episcopus

332 2118 482 2174 mortuus
504 2120 538 2173 et
561 2108 711 2192 sepultus
733 2106 814 2193 [est]
837 2117 915 2172 ante
937 2109 1063 2191 pascha
1086 2108 1118 2170 in
1142 2128 1231 2172 anno
1254 2119 1421 2193 sequente.

418 2404 467 2465 28.
513 2401 565 2464 De
579 2400 694 2482 prima
716 2399 915 2463 dedicacione
935 2397 1075 2462 Ecclesie
1096 2398 1134 2462 de
1156 2398 1348 2464 Bernewelle

713 2512 744 2567 et
764 2504 956 2587 capellarum
978 2502 1055 2567 eius.

168 2668 319 2763 §stiffi-reb
396 2656 583 2722 Willelmus
605 2656 648 2721 de
673 2656 792 2738 Longo
815 2654 947 2739 Campo
966 2654 1144 2738 episcopus
1165 2656 1322 2740 Elyensis
1344 2677 1433 2722 anno

168 2771 297 2863 mm
332 2763 375 2827 ab
398 2762 630 2826 incarnacione
651 2760 778 2824 domini
803 2769 994 2824 .m⁰.c⁰.xc⁰.
1017 2759 1124 2842 primo
1143 2758 1311 2825 dedicauit
1331 2761 1434 2826 eccle-

168 2870 279 2974 mu·
331 2866 414 2930 siam
431 2865 685 2930 conuentualem
703 2864 745 2927 de
762 2862 963 2928 Bemewelle
978 2864 1011 2926 in
1027 2863 1153 2928 honore
1170 2864 1285 2929 Sancti
1297 2865 1434 2930 Andree

332 2980 365 3034 et
383 2970 497 3036 Sancti
512 2968 646 3051 Egydij‚
662 2969 694 3030 in
711 2966 840 3031 octabis
852 2966 974 3050 pasche
984 2967 1039 3031 .xi.
1051 2966 1116 3031 kal.
1131 2966 1212 3051 Maij
1225 2978 1259 3032 et
1271 2970 1435 3034 concessit

169 3093 319 3146 rneeumr
332 3076 387 3140 ‚xl
403 3075 474 3139 dies
493 3073 711 3155 indulgencie.
764 3069 936 3153 Johannes
958 3070 1135 3155 episcopus
1157 3070 1326 3155 Elyensis¹
1346 3094 1434 3137 anno

168 3144 297 3245 iitihnbtrr
333 3181 376 3245 ab
398 3178 629 3244 incamaclone
652 3175 777 3240 domini
802 3174 1043 3258 .m⁰.cc⁰.xxij⁰.
1065 3175 1116 3258 .vj.
1140 3197 1246 3241 nonas
1269 3176 1436 3258 Octobris,

169 3244 298 3287 dedlcntcd
732 3282 739 3295 .
879 3282 918 3295 ..
978 3279 998 3295 ..
1098 3280 1107 3295 .

169 3294 305 3387 {genien
332 3306 421 3352 anno
442 3306 520 3349 vero
541 3284 633 3366 regni
654 3281 757 3364 Regis
781 3280 918 3344 Henncr
940 3278 998 3343 filu
1021 3280 1125 3363 Regis
1144 3282 1307 3364 Johannis
1328 3295 1436 3361 sexto,

220 3374 226 3389 ’
331 3403 483 3475 tempore
511 3387 684 3470 Laurencij
715 3386 844 3463 Primis,
869 3386 1038 3450 dedicauit
1065 3387 1228 3471 capellam
1257 3386 1436 3454 infirmarie

332 3506 453 3575 nostre,
477 3496 510 3559 in
538 3496 664 3559 honore
692 3492 807 3558 Sancti
837 3491 925 3556 Petri
952 3492 1181 3574 apostolorum
1209 3492 1376 3575 principis,
1401 3504 1436 3559 et

331 3608 494 3673 concessit
509 3628 546 3671 .v.
562 3603 633 3668 dies
649 3601 868 3685 indulgencie,
884 3611 918 3666 et
934 3600 1009 3666 ideo
1027 3602 1166 3684 singulis
1182 3604 1277 3667 annis
1293 3604 1326 3667 in
1342 3604 1435 3668 anni·
1519 3640 1521 3643 -

333 3711 476 3776 uersario
497 3706 719 3773 dedicacionis
740 3705 927 3772 celebratur
941 3705 1043 3775 missa
1058 3706 1252 3790 sollempnis
1267 3706 1301 3770 in
1316 3709 1435 3773 eadem

331 3815 467 3899 capella.
514 3813 609 3878 Idem
625 3811 796 3894 Johannes
812 3810 988 3894 episcopus
1001 3810 1166 3893 Elyensis,
1177 3831 1266 3875 anno
1277 3813 1321 3876 ab
1331 3812 1435 3878 incar·

333 3920 472 3986 nacione
492 3918 618 3982 domini
636 3915 893 3982 .m⁰.cc⁰.xxix⁰.
907 3916 962 3980 die
982 3915 1105 3981 Sancte
1126 3916 1270 4000 Agnetis
1290 3920 1436 4001 uirginis,

380 4065 495 4133 ¹prime,
510 4066 566 4115 MS.

381 4149 392 4181 ¹
408 4150 463 4199 The
478 4148 537 4197 date
553 4146 666 4211 required
682 4152 747 4195 must
762 4146 795 4194 be
814 4146 950 4210 1288—89,
964 4145 990 4194 in
1002 4145 1084 4195 which
1100 4161 1159 4210 year
1170 4146 1212 4195 the
1227 4147 1320 4197 second
1333 4148 1436 4214 Sundey

332 4234 358 4283 in
381 4234 445 4282 Lenl
465 4232 509 4282 lell
523 4232 609 4296 pridie
626 4230 721 4289 Nonas,
742 4228 784 4279 i.e.
807 4244 841 4277 on
860 4228 949 4279 March
971 4230 996 4279 6.
1030 4229 1166 4280 Moreover
1183 4230 1253 4295 John
1276 4232 1358 4296 Kirby
1376 4233 1436 4283 died

333 4316 364 4366 26
377 4315 473 4374 March,
491 4330 560 4378 ¹²90·
595 4314 643 4363 We
653 4320 720 4361 must
730 4312 854 4362 therefore
865 4314 924 4363 read
935 4312 1061 4363 dominica
1072 4313 1180 4364 seeundo
1191 4314 1230 4365 sor
1239 4315 1265 4365 d.
1279 4316 1368 4384 primu.

381 4394 391 4427 ³
406 4396 474 4461 John
487 4396 576 4454 Pherd,
590 4396 631 4461 bp.
647 4394 676 4444 of
685 4394 733 4459 Ely
747 4408 915 4461 runo-1225.
