3234 5059
181 355 212 455 1]
432 359 495 455 Of
510 359 622 456 King
645 360 824 433 Edward
845 359 905 432 the
932 361 1040 433 First
1243 368 1290 456 63

180 541 308 607 clericis
324 544 489 609 decimam
506 546 604 608 unius
619 546 707 623 anni,
723 554 758 609 et
777 545 821 609 de
841 565 1005 610 consensu
1022 567 1110 630 pape
1125 549 1290 612 decimam

179 668 241 711 sex
257 668 433 724 annorum,
444 650 486 712 ad
500 648 777 732 proficiscendum
792 652 824 713 in
839 660 960 714 terram
973 661 1123 716 sanctam
1137 671 1144 727 ;
1163 661 1197 715 et
1213 652 1290 716 inde

178 753 316 816 taxacio
331 773 430 836 supra
447 752 584 817 modum
600 755 712 836 grauis
728 753 817 819 sacta
833 766 893 831 est,
905 764 976 819 tam
993 756 1035 820 de
1051 757 1290 839 temporalibus

178 875 280 939 quam
307 858 541 940 spiritualibus.
588 860 665 923 Rex
694 858 903 924 Eadwardus
929 882 965 924 se
992 870 1148 944 preparat
1175 880 1289 925 uersus

179 970 301 1025 terram
326 972 479 1026 sanctam
502 974 537 1027 et
560 964 691 1027 diuerse
712 965 869 1027 naciones
890 976 1026 1047 propter
1044 985 1131 1041 eum,
1147 965 1289 1029 scientes

178 1065 249 1127 eius
272 1065 485 1147 probitatem
529 1066 650 1131 Grauis
672 1068 839 1131 discordia
863 1077 936 1132 orta
960 1078 1011 1131 est
1034 1068 1121 1132 inter
1144 1066 1288 1150 Regem¹
1301 1072 1349 1164 gl·
1367 1080 1416 1166 ᾖξε

180 1169 318 1232 Francie
341 1179 376 1233 et
404 1170 532 1252 Regem
559 1170 694 1253 Anglie
741 1171 819 1234 Rex
846 1172 1052 1236 Eadwardus
1077 1171 1369 1275 abiudicatusff‘g
1368 1174 1437 1266 Ἃ

177 1282 229 1336 est
251 1273 294 1337 de
316 1283 404 1338 terra
424 1274 600 1338 Vasconie.
655 1275 732 1338 Rex
756 1274 883 1357 Anglie
906 1294 995 1338 anno
1018 1276 1110 1358 regni
1134 1276 1183 1339 sui
1208 1282 1287 1339 .⁰.xx
1301 1236 1406 1366 {efffig'

178 1377 233 1458 iij0.
258 1378 361 1441 mittit
383 1380 569 1441 exercitum
593 1379 625 1441 in
650 1379 875 1454 wasconiam,
893 1387 927 1441 et
950 1379 1021 1460 ipse
1044 1378 1133 1461 apud
1159 1379 1287 1441 Portes-
1302 1374 1426 1427 ⁰¹⁸⁶⁰¹¹y·

178 1500 285 1544 mowe
300 1490 437 1563 paratus
457 1490 529 1544 erat
550 1482 592 1544 ad
614 1480 907 1545 transfretandum.
954 1481 1129 1545 Walenses
1144 1481 1288 1546 scientes
1302 1492 1399 1586 x{glouba

179 1583 307 1665 Regem
331 1583 587 1648 Eadwardum
579 1605 611 1648 rn
633 1594 707 1648 arto
727 1587 884 1668 positum,
900 1586 1018 1649 iterum
1040 1595 1177 1649 mouent
1193 1608 1287 1669 guer-
1301 1595 1373 1697 jv&
1367 1608 1434 1647 mr

177 1708 258 1763 ram,
287 1698 322 1752 et
352 1687 478 1753 faciunt
515 1690 701 1774 Principem
733 1690 880 1755 Maddoc
918 1690 1075 1754 Lewelini
1108 1689 1223 1764 lilium,
1253 1702 1287 1754 et

177 1804 286 1857 castra
310 1793 413 1876 Regis
436 1803 658 1876 prosternunt
712 1795 809 1860 Tunc
833 1796 909 1858 Rex
931 1796 1052 1858 iterum
1073 1795 1106 1857 in
1129 1793 1286 1857 Walliam

177 1899 279 1976 uadit,
302 1898 358 1962 vbi
382 1918 485 1980 equos
508 1907 542 1960 et
565 1897 711 1981 equites¹
733 1900 888 1982 perdidit.
934 1899 1088 1963 Tandem
1112 1898 1287 1963 Walenses

176 2003 314 2066 veniunt
337 2004 378 2067 ad
403 2024 531 2086 pacem,
547 2014 582 2067 et
605 2002 753 2067 Maddoc
778 2003 935 2086 Princeps
958 2004 1061 2085 gratis
1085 2024 1120 2066 se
1142 2003 1287 2067 reddidit
1300 2014 1436 2117 gpffiggr

178 2108 272 2191 Regi
328 2110 404 2172 Rex
428 2128 488 2191 per
509 2117 617 2173 totam
642 2107 802 2191 Angliam
827 2108 917 2191 capit
938 2108 1103 2171 decimam
1130 2128 1150 2171 a
1174 2107 1286 2191 laycis,
1302 2116 1345 2158 Μ
1331 2130 1372 2168 un
1383 2128 1440 2169 ms

175 2221 306 2275 sextam
335 2233 355 2276 a
382 2211 610 2294 burgensibus,
633 2222 668 2275 et
694 2212 910 2275 medietatem
937 2232 957 2275 a
980 2212 1114 2288 clericis,
1137 2213 1180 2276 de
1201 2221 1286 2275 tem-

175 2315 344 2398 poralibus
386 2323 420 2379 et
459 2313 694 2398 spiritualibus.
756 2314 971 2398 Quapropter
1008 2314 1104 2379 multi
1142 2313 1285 2397 religiosi

175 2419 348 2503 deponunt
385 2419 557 2495 familiam,
590 2428 625 2482 et
661 2418 747 2482 sicut
783 2417 927 2482 scolares
966 2418 1084 2482 uiuunt
1118 2420 1160 2483 ad
1195 2438 1285 2483 com-

176 2529 335 2589 munam⁸.

229 2719 336 2774 Placita
355 2717 415 2773 de'
406 2718 506 2773 iuratis
521 2727 549 2774 et
565 2718 663 2773 assisis
676 2734 773 2773 coram
789 2718 921 2788 Johanne
934 2718 970 2773 de
984 2718 1127 2788 Berewyk,
1141 2718 1284 2774 Willelmo
1298 2724 1373 2766 court
1382 2724 1439 2766 held

174 2808 210 2864 de
233 2809 382 2877 Ormesby‚
403 2808 535 2877 Johanne
560 2806 596 2863 de
623 2807 842 2876 Lythegreynes,
859 2806 991 2876 Johanne
1014 2806 1051 2862 de
1074 2808 1236 2877 Banquelle,
1256 2820 1284 2864 et
1297 2776 1406 2877 anile,

176 2897 328 2952 Lamberto
357 2896 394 2951 de
418 2895 621 2966 Trilryngkam
646 2894 813 2965 Justiciarijs
842 2893 949 2949 domini
976 2894 1062 2964 Regis
1087 2894 1283 2951 itinerantibus
1297 2854 1448 2979 'fflssw

174 2986 250 3057 apud
281 2983 527 3053 cantebrigiam'
520 3000 549 3037 rn
574 2983 686 3037 octabis
714 2982 826 3037 Hillarii
853 2999 930 3039 anno
958 2983 1033 3051 regis
1060 2980 1107 3037 R.⁴
1125 2980 1284 3055 E[dwardi]

173 3072 223 3127 tilii
243 3071 330 3143 Regis
350 3071 468 3130 Henrici
486 3069 623 3125 vicesimo
641 3070 770 3141 septimo.

227 3160 308 3215 Prior
328 3159 364 3215 de
385 3158 557 3214 Bernewelle
578 3159 768 3215 summonitus
789 3158 841 3213 luit
861 3157 899 3213 ad
916 3158 1147 3230 respondendum
1167 3158 1283 3215 domino
1297 3154 1351 3205 ΟΜ
1323 3210 1410 3247 mrito

174 3246 270 3321 R[egi]
292 3249 329 3304 de
353 3247 459 3319 placito
483 3266 541 3320 quo
562 3259 687 3303 waranto
711 3250 817 3303 clamat
838 3249 944 3304 habere
964 3248 1059 3304 uisum
1078 3248 1167 3305 franci
1188 3248 1282 3322 plegii,
1297 3216 1447 3345 abnam

172 3335 405 3392 emendacionem
422 3335 514 3391 assise
530 3335 613 3406 panis
629 3346 657 3391 et
674 3335 793 3391 ccruisie
811 3335 922 3391 fructe'
914 3353 944 3389 rn
959 3336 1144 3391 Chestertone
1157 3345 1183 3391 et
1197 3353 1283 3391 unam
1296 3304 1413 3398 viam?

173 3423 272 3479 leriam
298 3440 349 3495 per
373 3440 480 3478 annum
505 3424 533 3478 in
561 3423 715 3479 Bernewell
743 3434 796 3478 etc,
845 3424 882 3478 Et
910 3423 985 3494 prior
1009 3423 1088 3477 uenit
1112 3432 1140 3478 et
1165 3440 1221 3493 quo
1245 3424 1282 3478 ad
1296 3406 1383 3509 Ῑῖζὲξζ
1397 3458 1446 3500 and

172 3512 299 3583 predicta
324 3512 417 3566 uisum
436 3523 464 3566 et
485 3510 720 3567 emendacionem
742 3511 810 3567 dicit
833 3511 938 3581 quod
931 3528 991 3582 ipse
1012 3512 1117 3566 clamat
1137 3510 1282 3567 libertates
1295 3469 1366 3599 ᾞξῑ
1365 3507 1415 3599 ff·
1417 3520 1444 3549 ¹¹·

171 3599 234 3655 illas
247 3600 376 3655 habere
369 3616 398 3654 in
412 3600 607 3655 Chestertone
646 3600 724 3654 Dicit
740 3600 816 3656 enim
830 3600 904 3671 quod
925 3602 1110 3655 Chestenone
1122 3599 1174 3655 luit
1186 3599 1321 3700 aliqunto
1295 3568 1412 3650 ene-‘reru

172 3697 299 3758 tempore
312 3685 420 3742 domini
428 3687 568 3757 Johannis
582 3686 669 3756 Regis
681 3703 728 3740 aur
720 3685 849 3741 'domini
863 3687 950 3757 Regis
963 3701 1038 3740 nunc
1051 3685 1098 3756 qui
1112 3702 1162 3756 per
1174 3697 1282 3741 canam
1295 3663 1347 3700 ²⁰⁰¹

171 3792 252 3830 suam
269 3775 411 3831 concessit
427 3775 504 3846 quod
520 3776 598 3847 prior
613 3786 641 3830 et
658 3775 789 3830 canonici
804 3776 841 3829 de
858 3774 1029 3831 Bemewelle
1042 3784 1157 3830 teneant
1169 3775 1225 3830 de
1218 3792 1281 3846 ipso

170 3862 288 3917 domino
312 3878 377 3932 rege
402 3859 455 3934 [et]
475 3862 627 3917 heredibus
647 3861 706 3916 suis
728 3861 927 3933 inperpetuum
948 3860 1105 3930 predictam
1127 3861 1223 3917 villam
1245 3861 1281 3916 de

170 3951 358 4006 Chestertone
373 3968 439 4005 cum
456 3949 588 4005 omnibus
604 3950 786 4020 pertinenciis
801 3950 870 4018 suis,
882 3959 911 4005 et
924 3966 989 4004 cum
1002 3950 1133 4005 omnibus
1145 3950 1280 4006 libertati-

169 4042 224 4094 bus
236 4048 264 4095 et
276 4039 372 4094 liberis
386 4038 638 4094 consuetudinibus
654 4038 713 4093 suis
730 4038 767 4093 ad
784 4039 861 4095 leodi
879 4038 989 4093 firmam
1006 4055 1058 4108 pro
1074 4039 1190 4108 triginta
1202 4039 1281 4095 libn's

169 4128 367 4197 sterlingorum
380 4127 546 4182 blancorum
559 4144 609 4197 per
621 4144 727 4181 annum
740 4138 793 4183 etc.
832 4128 870 4182 Et
884 4126 990 4198 profert
1002 4126 1159 4198 predictam
1172 4137 1278 4182 canam

219 4272 229 4305 ¹
247 4274 338 4338 Reges,
351 4272 408 4324 MS.
866 4272 878 4305 2
894 4288 978 4339 eques,
993 4272 1050 4324 MS.

218 4352 229 4385 ⁸
245 4354 328 4404 When
340 4354 383 4405 the
394 4354 451 4406 MS.
465 4369 517 4404 was
527 4355 626 4405 written
638 4354 779 4405 twuthirds
789 4353 819 4404 of
827 4354 877 4405 this
888 4370 952 4420 page
963 4370 1028 4404 were
1039 4354 1083 4405 leit
1094 4353 1181 4405 blank.

218 4436 229 4467 ⁴
245 4436 308 4487 This
324 4436 346 4487 is
362 4436 405 4487 the
421 4437 526 4502 reading
540 4437 627 4488 nithe
644 4438 701 4488 MS.
735 4437 792 4488 The
808 4436 890 4488 scribe
906 4436 997 4487 should
1013 4437 1077 4487 have
1092 4438 1192 4488 written
1212 4454 1279 4488 anno

168 4521 238 4585 regni
257 4520 328 4585 regis„
