3234 5059
175 381 238 484 111]
440 385 531 460 Caso
554 385 602 482 of
619 384 729 458 Alcn
755 383 799 457 dc
825 383 1003 456 Frcstono
1212 384 1278 474 185

175 567 275 650 pleno
299 569 505 648 consistorio,
521 569 599 635 lecit
622 570 792 654 quandam
817 570 1093 654 prouocacionem
1114 579 1148 634 et
1167 566 1282 651 appel·

174 672 337 738 lacionem
361 695 422 758 pro
445 682 534 740 statu
558 696 619 739 suo
641 685 676 739 et
698 695 834 738 suorum
855 684 926 750 etc„
941 683 975 739 et
995 675 1076 757 legit
1097 675 1130 738 in
1152 672 1283 756 scriptis

175 787 234 841 etc.
282 777 328 841 Et
355 777 551 842 festinanter
581 780 774 864 impetrauit
806 780 899 844 Prior
926 780 969 844 ab
995 778 1128 844 officiali
1155 777 1281 842 domini

175 882 322 964 episcopi
348 881 506 964 Elyensis
526 884 697 966 quandam
719 883 956 948 inhibicionem
978 893 1049 961 etc,
1069 885 1126 967 qui
1149 881 1284 965 prefixit

175 985 324 1068 partibus
347 987 436 1050 diem
460 1007 573 1051 coram
601 1009 641 1051 eo
668 988 701 1051 in
726 987 866 1052 ecclesia
893 989 1055 1055 Omnium
1082 987 1282 1053 Sanctorum

176 1089 272 1152 iuxta
288 1089 454 1174 hospitale
470 1090 685 1174 Cantebrigie
697 1101 757 1156 etc.
790 1092 942 1158 Partibus
958 1103 1071 1158 autem
1084 1093 1138 1157 die
1154 1090 1284 1176 prefixo

175 1194 446 1276 comparentibus
472 1184 552 1278 'post
588 1195 711 1260 multas
745 1196 981 1261 altercaciones
1015 1197 1103 1261 idem
1135 1195 1284 1260 officialis

177 1297 322 1363 absoluit
346 1299 492 1363 Priorem
517 1309 551 1363 et
574 1300 771 1365 canonicum
795 1322 892 1365 suum
918 1302 962 1366 ad
985 1301 1151 1365 cautelam
1180 1321 1285 1383 usque

176 1404 218 1466 ad
255 1403 439 1469 aduentum
481 1405 630 1488 episcopi
665 1414 725 1470 etc
794 1405 839 1469 Et
878 1406 969 1470 dixit
1006 1404 1214 1470 Cancellario
1250 1414 1285 1468 et
1299 1415 1416 1507 333⁰*

178 1505 370 1572 Scolaribus
394 1509 480 1573 inter
501 1520 633 1573 cetera:
658 1507 800 1573 Domine
822 1509 1019 1576 Cancellorc'c
1039 1530 1164 1573 omnem
1176 1508 1284 1591 jurio
1298 1514 1428 1607 afflueret

176 1609 346 1675 diccroncm
361 1633 459 1695 quom
471 1611 595 1676 habetis
608 1633 648 1675 ex
655 1613 773 1696 gracia
788 1612 917 1677 domini
929 1613 994 1677 mei
1006 1611 1140 1696 episcopi
1153 1611 1286 1688 habetis,

176 1715 236 1797 qui
248 1715 339 1780 uobis
356 1718 507 1782 concessit
517 1717 783 1800 jurisdictionem
802 1718 837 1782 in
852 1717 980 1782 clericale
1026 1716 1286 1781 Archidiaconus

175 1829 284 1883 autom
298 1820 393 1884 habet
402 1821 665 1905 jurisdictooncm
683 1822 717 1884 in
734 1821 913 1899 rectoribus,
929 1821 1071 1905 vican'js,
1085 1831 1139 1884 etc.
1148 1843 1160 1898 ;
1184 1841 1284 1883 vnum

177 1932 305 1989 tontum
319 1925 449 1990 sibimet
463 1926 645 1990 resemauir
657 1926 776 1990 scilicet
794 1927 883 1991 viros
903 1925 1073 2010 religiosos.
1120 1925 1197 1988 Non
1212 1945 1285 2007 crgo

175 2029 336 2107 auferant
350 2029 478 2094 domino
494 2051 561 2095 oceo
575 2031 663 2114 quod
673 2051 769 2094 suum
785 2040 833 2093 ost
845 2030 878 2094 si
885 2031 997 2112 placet.

297 2284 365 2348 119.
410 2267 576 2332 Placitum
598 2280 708 2332 contra
730 2269 938 2353 Magistrum
961 2271 1110 2336 Alonum
1132 2271 1171 2334 de

538 2373 690 2437 Frcstonc
711 2373 749 2436 dc
762 2374 923 2456 penscous.

243 2525 406 2608 Magister
435 2526 568 2591 Alanus
603 2526 646 2591 de
683 2528 844 2590 Frestone
879 2527 961 2591 dum
997 2537 1068 2592 erat
1101 2528 1286 2592 aduocatos
1299 2536 1448 2629 ggpgp‘de

178 2629 392 2714 Cantebrigie
414 2631 538 2713 recepit
560 2652 619 2714 per
639 2641 766 2695 cartam
788 2630 985 2696 Conuentus
1005 2632 1145 2714 singulis
1162 2631 1284 2715 [annis]
1298 2637 1424 2738 ppffigz

178 2733 250 2798 .xl.
277 2755 301 2798 s.
328 2735 371 2798 de
398 2754 531 2797 camera
557 2735 600 2798 de
628 2734 838 2813 Bemewelle,
862 2745 896 2799 et
922 2736 1008 2800 bene
1034 2736 1198 2801 laborauit
1224 2757 1285 2820 pro
1299 2737 1343 2781 ἴω·

177 2838 324 2902 ecclesia
369 2838 527 2902 Processu
544 2838 704 2922 temporis
721 2837 828 2903 sactus
843 2849 894 2903 est
911 2839 1177 2906 Archidiaconus
1200 2842 1285 2905 Nor-

177 2940 320 3018 folchie¹,
343 2951 378 3005 et
400 2942 555 3006 decetero
582 2940 683 3005 nichil
706 2943 844 3007 seruiuit
868 2944 948 3026 ipsis
971 2945 1148 3009 canonicis.
1193 2944 1285 3029 Qua-

177 3057 313 3130 propter
334 3047 573 3112 subtraxerunt
594 3045 623 3112 ei
646 3049 852 3131 pensionem,
869 3059 903 3113 et
924 3049 995 3132 ipse
1016 3051 1163 3133 portauit
1183 3051 1285 3116 breue

178 3151 291 3234 Regis,
305 3161 366 3217 etc.

561 3304 628 3352 120.
673 3288 779 3352 Breuc
799 3289 909 3372 Regis.

231 3436 412 3509 E[dwardus]
430 3437 483 3492 Dei
501 3438 598 3508 gracia
609 3448 661 3494 etc.
679 3439 839 3496 vicecomiti
857 3441 1039 3512 Cantebrigie
1055 3444 1182 3498 salutem.
1222 3444 1286 3498 Pre-
1300 3438 1318 3486 s·
1330 3437 1387 3510 ⁶91>

176 3527 297 3596 cipimus
314 3525 364 3582 tibi
382 3527 459 3597 quod
474 3527 569 3581 venire
585 3527 673 3582 iacias
691 3545 787 3584 coram
802 3529 965 3599 justiciariis
983 3531 1087 3585 nostris
1103 3531 1181 3601 apud
1194 3533 1286 3586 West-
1299 3500 1407 3593 mod

177 3611 379 3668 monasterium
396 3629 414 3666 a
430 3611 476 3666 die
496 3613 604 3667 Pasche
621 3613 649 3667 in
666 3623 724 3668 tres
740 3617 915 3686 septimanas
928 3616 995 3669 .xii.
1008 3627 1069 3670 tam
1085 3617 1188 3671 milites
1200 3601 1405 3694 quamfflgljn

177 3702 248 3758 alios
269 3702 374 3758 liberos
396 3712 423 3757 et
444 3703 550 3772 legales
572 3703 702 3759 homines
724 3704 760 3759 de
778 3705 890 3760 visneto
911 3705 947 3760 de
967 3704 1148 3775 cantebrigia
1167 3723 1286 3777 quorum
1299 3702 1392 3751 ¹⁹⁸⁰&

177 3790 295 3862 quilibet
307 3792 411 3845 habeat
429 3799 543 3846 centurn
557 3791 693 3847 solidatos
707 3801 780 3848 terre
796 3803 1023 3850 tenementorum
1035 3795 1081 3848 uel
1093 3794 1220 3850 redditus
1237 3814 1287 3866 per
1299 3762 1312 3804 ⁷
1322 3753 1382 3794 Μ’
1391 3763 1449 3804 1²⁹³·

177 3895 283 3933 annum
301 3878 337 3932 ad
357 3878 451 3932 minus
468 3894 519 3948 per
534 3895 606 3949 quos
624 3879 664 3934 rei
681 3880 786 3934 ueritas
803 3880 905 3935 melius
922 3880 986 3935 sciri
1004 3880 1116 3952 poterit,
1128 3892 1156 3937 et
1168 3883 1216 3954 qui
1234 3900 1287 3938 nec

178 3965 344 4034 magistrum
363 3964 486 4020 Alanum
508 3964 545 4020 de
566 3964 703 4019 Frestone
723 3982 775 4021 nec
799 3965 923 4022 Priorem
944 3968 980 4022 de
1003 3967 1174 4024 Bemewelle
1192 3970 1288 4041 aliqua

178 4053 315 4108 affinitate
339 4054 490 4122 attingunt,
514 4052 551 4108 ad
576 4055 835 4123 recognoscendum
861 4072 946 4125 super
969 4067 1178 4112 sacramentum
1205 4075 1287 4113 suurn

177 4141 261 4196 simul
281 4157 346 4196 cum
369 4139 436 4194 .xii.
455 4139 557 4210 juratis
579 4141 615 4196 de
634 4142 770 4197 comitatu
791 4141 980 4217 Londoniesi
998 4152 1064 4214 post
1081 4144 1287 4202 confectionem

177 4231 325 4286 cuiusdam
345 4229 443 4300 scripti
462 4230 673 4301 quodquidam
692 4231 811 4301 Jolanus
829 4230 1012 4301 predecessor
1030 4231 1148 4302 predicti
1168 4233 1288 4289 Prioris²

225 4357 235 4391 ¹
253 4358 291 4408 Le
308 4357 382 4408 Neve
398 4355 459 4422 (Ed,
476 4361 545 4422 1854,
560 4358 619 4408 Vol.
635 4359 661 4408 ii.
673 4360 732 4420 482)
748 4375 804 4424 says
820 4359 875 4410 that
891 4359 924 4410 he
936 4377 988 4412 was
1003 4360 1170 4412 Archdeacon
1180 4362 1207 4412 in
1226 4362 1287 4426 1²76

177 4441 226 4492 and
246 4442 316 4491 1280.
677 4438 688 4472 ¹
706 4441 797 4492 Prioris
807 4451 841 4502 et,
856 4441 913 4493 MS.
