3234 5059
348 337 395 423 56
468 332 529 428 Of
538 331 649 429 King
664 331 825 429 Stephcn
842 330 923 405 and
936 330 983 403 K
982 333 1048 429 ing
1064 332 1202 429 Henry
1219 331 1276 405 ll.
1331 327 1453 431 [Boon

346 510 427 594 ipsis
462 513 631 578 canonicis
667 514 756 578 utilis
793 514 826 577 in
863 513 977 579 multis
1012 512 1196 598 angustijs;
1234 512 1328 577 cuius
1357 521 1453 577 tenor

346 617 497 699 superius
520 618 695 684 scribitur¹.

413 719 491 783 Rex
518 721 580 786 iste
607 722 727 786 nobilis
757 721 924 787 Henricus
948 743 1066 806 pacem
1094 724 1241 807 undique
1265 721 1392 785 habens
1420 720 1453 784 in

349 824 593 890 Normanniam
610 827 712 904 uadit,
728 833 762 891 et
778 825 965 890 Willelmus
986 826 1073 891 filius
1094 826 1164 891 eius
1185 848 1205 890 a
1220 846 1298 909 rege
1315 825 1453 890 Francie

349 928 593 994 Normanniam
620 933 665 996 ab
690 952 731 995 eo
757 931 937 996 tenendam
965 933 1094 1015 accipit.
1150 931 1383 1015 Omnibusque
1410 930 1453 994 ad

348 1032 479 1097 libitum
511 1036 663 1117 peractis
690 1056 766 1119 rege
796 1037 831 1098 in
862 1033 1022 1119 Angliam
1061 1037 1230 1116 redeunte,
1260 1036 1347 1101 filius
1382 1036 1453 1100 eius

186 1150 267 1192 nuth
277 1150 304 1193 or
349 1137 545 1237 Willelmus,
560 1149 691 1222 patrem
707 1151 913 1217 consecutus,
930 1140 963 1203 in
980 1141 1063 1204 mira
1078 1141 1163 1205 aeris
1183 1142 1361 1205 serenitate
1376 1160 1452 1204 cum

184 1200 319 1351 ffiiffi'·
347 1240 429 1305 flore
458 1243 565 1306 tocius
592 1242 718 1326 Anglie
744 1253 778 1308 et
805 1244 1012 1308 Normannie
1040 1244 1073 1307 in
1100 1246 1182 1307 mari
1209 1243 1453 1326 submergitur;

347 1345 435 1410 vnde
450 1356 542 1411 ortus
563 1357 614 1411 est
635 1348 744 1412 luctus
760 1347 991 1413 intollerabilis
1006 1367 1096 1411 anno
1112 1348 1239 1412 domini
1255 1358 1310 1412 m⁰.
1326 1352 1365 1411 0⁰.
1381 1346 1452 1429 xij⁰.

348 1450 517 1516 Translati
540 1464 619 1517 sunt
641 1454 792 1518 canonici
820 1453 863 1516 de
890 1452 1106 1536 Cantebrigia
1133 1473 1237 1536 usque
1261 1454 1304 1516 ad
1333 1453 1453 1515 Berne-

347 1554 449 1618 welle.
495 1555 591 1638 Obijt
618 1567 730 1621 autem
761 1557 928 1622 Henricus
955 1558 1031 1620 Rex
1056 1558 1163 1621 bonus
1187 1558 1218 1620 in
1244 1557 1452 1620 Normannia

272 1664 291 1713 f.
307 1680 335 1730 19
347 1680 436 1723 anno
467 1660 560 1742 regni
595 1660 646 1725 sui
677 1660 809 1743 .xxxvj.
840 1670 873 1725 et
903 1660 1051 1725 delatum
1083 1670 1135 1724 est
1163 1681 1282 1744 eorpus
1313 1661 1383 1725 eius
1418 1660 1451 1724 in

349 1763 509 1847 Angliam
526 1775 560 1829 et
576 1765 744 1849 sepultum
761 1774 812 1830 est
828 1766 918 1848 apud
936 1766 1143 1848 Radingam²
1157 1785 1259 1848 quam
1276 1763 1438 1830 fundauit.

679 1952 728 2017 33.
773 1936 825 2001 De
846 1935 935 2021 Rege
956 1935 1126 2019 Stephano.

185 2084 295 2187 ggssfflff,
414 2064 605 2147 Stephanus
630 2066 707 2129 Rex
731 2067 889 2131 successit
912 2066 951 2144 ei,
975 2066 1060 2129 filius
1083 2066 1208 2130 scilicet
1230 2065 1351 2129 sororis
1374 2066 1452 2129 eius.

183 2186 337 2287 {sapatum
350 2169 461 2233 Huius
485 2169 589 2252 Regis
610 2170 691 2233 totis
714 2170 919 2253 temporibus
940 2191 1012 2252 pax
1032 2178 1082 2233 est
1102 2179 1272 2245 excecata,
1287 2169 1453 2233 discordia

184 2296 242 2337 usr-
348 2283 542 2357 propagata,
580 2274 710 2338 iusticia
747 2276 892 2354 omissa3
929 2274 1143 2357 simplicitate
1177 2275 1266 2338 enim
1303 2274 1451 2357 quadam

347 2378 418 2442 sine
433 2377 585 2442 hastucia
600 2378 778 2443 fruebatur.
816 2380 917 2444 Vnde
929 2378 1057 2443 ulcione
1072 2379 1188 2443 diuina
1203 2380 1453 2443 insurrexerunt

347 2482 380 2545 in
405 2504 482 2546 eum
508 2504 567 2566 per
591 2493 697 2548 totam
721 2484 883 2567 Angliam
906 2503 974 2547 non
997 2480 1106 2546 solum
1130 2483 1243 2566 magni
1265 2484 1323 2547 sed
1346 2482 1451 2547 eciam

347 2586 539 2665 mediocres,
554 2595 671 2652 contra
690 2610 767 2652 eum
788 2588 926 2653 castella
947 2586 1125 2651 firmantes.
1172 2588 1238 2651 Hic
1259 2608 1339 2652 uero
1361 2608 1450 2651 anno

346 2692 438 2774 regni
454 2694 505 2755 sui
521 2692 583 2775 .vj⁰.
600 2695 690 2777 apud
705 2693 846 2758 Lincoln
863 2701 981 2776 captus
994 2693 1027 2755 in
1040 2692 1137 2758 bello.
1167 2692 1201 2755 A
1217 2692 1451 2776 purificacione

345 2806 460 2860 sancte
483 2799 595 2874 marie,
611 2818 677 2880 qua
699 2797 754 2861 die
776 2808 895 2881 captus
918 2796 988 2873 suit,
1012 2796 1181 2879 usquead
1204 2796 1449 2861 exaltacionem

345 2910 460 2963 sancte
491 2901 605 2977 crucis,
638 2901 672 2963 in
705 2900 853 2965 Castello
885 2900 927 2963 de
960 2899 1106 2982 Brystoll
1133 2899 1372 2964 custodiendus
1402 2920 1452 2964 re-

345 3000 496 3067 cluditur.
554 3004 723 3067 Probitate
755 3024 834 3067 uero
867 3003 996 3084 Regine
1022 3003 1135 3065 vxoris
1165 3022 1224 3065 sue
1250 3001 1452 3085 procedente

345 3114 496 3189 tempore
522 3127 598 3170 cum
628 3106 777 3171 Henrico
803 3106 1021 3189 imperatricis
1047 3105 1116 3170 filio
1142 3107 1363 3171 concordatus
1392 3117 1451 3171 est.

346 3210 565 3275 Postmodum
595 3212 672 3275 Rex
699 3210 920 3294 Wyntoniam
948 3210 1123 3286 comburit,
1150 3230 1210 3274 nec
1237 3219 1350 3273 tamen
1381 3230 1450 3273 cas-

345 3314 462 3379 tellum
498 3314 607 3398 capit:
645 3316 765 3379 iterum
797 3314 971 3379 castellum
1003 3313 1187 3395 Wyntonie
1220 3313 1361 3391 obsidet,
1390 3315 1449 3379 sed

345 3416 473 3483 frustra.
520 3418 605 3483 Cum
629 3428 742 3483 autem
770 3418 837 3483 sere
860 3420 941 3483 .xix.
967 3438 1074 3481 annos
1101 3417 1266 3481 laboriose
1292 3418 1389 3482 nimis
1417 3429 1451 3483 et

344 3522 519 3586 infeliciter
544 3534 723 3607 regnasset,
747 3522 842 3606 obijt,
868 3535 902 3588 et
928 3524 961 3587 in
989 3522 1130 3587 ecclesia
1159 3522 1202 3586 de
1233 3521 1449 3586 Fauerisham

344 3648 446 3710 quam
468 3628 539 3709 ipse
559 3625 758 3692 fundauerat
781 3630 878 3691 iuxta
896 3648 1035 3693 vxorem
1055 3647 1150 3691 suam
1172 3638 1205 3691 et
1226 3626 1330 3691 filium
1351 3613 1449 3691 suum

344 3732 563 3797 Eustachium
587 3742 637 3796 est
660 3732 819 3815 sepultus.

519 3927 568 3992 34
613 3910 666 3974 De
687 3910 829 3976 Henrico
852 3911 939 3994 Rege
951 3911 1028 3995 filio
1052 3911 1274 3993 imperatricis.

179 4072 287 4164 orxrn5
410 4050 576 4113 Henricus
601 4049 678 4112 Rex
706 4049 792 4114 lilius
817 4050 1034 4133 imperatricis
1058 4049 1216 4112 successit
1238 4049 1277 4112 ei.
1325 4048 1448 4113 Hicin

178 4124 271 4226 giiii.
281 4125 330 4226 xiil
342 4153 462 4217 throno
475 4154 568 4235 regni
581 4154 847 4236 splendidissime
859 4163 908 4218 est
918 4154 1109 4229 collocatus,
1119 4162 1153 4216 et
1164 4153 1196 4215 in
1208 4156 1449 4237 propagatione

177 4225 283 4327 didm
341 4259 443 4339 prolis
466 4256 674 4320 felicissimus
697 4259 874 4334 extitisset,
898 4258 924 4319 si
948 4266 1078 4340 patrem
1102 4277 1198 4319 suum
1223 4268 1257 4320 et
1279 4268 1448 4339 pastorem

390 4376 398 4407 ¹
417 4377 465 4427 See
477 4378 558 4441 Chap.
578 4394 613 4442 ¹3·
970 4376 981 4407 ²
999 4377 1126 4441 Radiugis,
1143 4376 1359 4441 iris-:Reuding.
