3234 5059
155 360 230 465 vn]
512 368 550 440 T
545 377 676 441 enanis
702 367 742 440 in
769 366 917 440 Borion
1189 388 1259 461 303

222 550 373 633 Rogerus
404 550 489 615 filius
520 552 683 635 Johannis
713 554 756 616 de
787 552 985 635 Wytewelle
1014 560 1107 617 tenet
1132 560 1262 635 septem

154 673 248 717 acras
274 663 367 730 terre,
397 662 431 718 et
460 655 570 719 reddit
600 656 678 719 inde
707 677 765 739 per
795 676 921 720 annum
943 658 1093 740 quinque
1118 656 1262 720 solidos:

155 757 281 822 scilicet
292 761 334 823 ad
347 757 468 823 festum
482 759 598 825 Sancti
611 760 784 823 Michaelis
800 770 835 825 et
850 762 893 825 ad
911 762 1039 825 Pascha
1054 781 1113 843 per
1127 759 1263 843 equales

156 864 351 945 porciones¹.

221 967 371 1033 Thomas
387 968 512 1033 Bretun
528 977 620 1033 tenet
636 969 704 1051 .xij.
719 989 813 1035 acras
828 978 923 1047 terre,
937 978 971 1034 et
986 969 1096 1034 reddit
1111 968 1190 1033 inde
1204 990 1264 1052 per

157 1093 281 1138 annum
313 1074 341 1155 .j.
365 1074 538 1138 denarium
562 1076 604 1138 ad
630 1074 750 1138 festum
775 1074 891 1139 Sancti
916 1074 1099 1151 Michaelis,
1121 1083 1154 1139 et
1178 1074 1264 1137 duas

156 1186 273 1255 sectas,
295 1187 329 1242 et
352 1179 548 1261 scutagium.

413 1282 554 1347 Summa
569 1281 722 1347 .xxxviii.
738 1281 836 1346 solidi
852 1282 907 1366 .xj.
924 1283 1067 1346 denarii²
1080 1282 1134 1348 ob.
1148 1281 1264 1365 quadr.

226 1512 285 1575 Isti
301 1520 379 1575 sunt
395 1510 587 1593 custumarij
605 1512 648 1575 de
665 1510 826 1575 Bertone:

222 1667 361 1751 Agatha
383 1689 469 1732 vxor
491 1667 631 1733 Roberti
653 1668 765 1752 Jhoun
796 1680 889 1734 tenet
910 1672 966 1734 ix.
995 1690 1088 1734 acras
1110 1681 1203 1746 terre,
1230 1680 1264 1734 et

157 1773 266 1837 reddit
297 1772 375 1837 inde
403 1793 462 1856 per
491 1794 616 1838 annum
647 1774 700 1856 .iij.
730 1774 886 1839 solidos:.
913 1775 1038 1840 scilicet
1067 1775 1110 1839 ad
1142 1774 1265 1841 Natale

158 1877 297 1941 Domini
313 1877 380 1959 .xij.
403 1877 566 1955 denarios,
581 1880 625 1943 ad
643 1880 770 1945 Pascha
788 1880 855 1964 .xij.
875 1879 1038 1958 denarios,
1053 1890 1087 1944 et
1101 1882 1145 1945 ad
1168 1880 1263 1945 Nati·

158 1984 298 2049 uitatem
335 1984 450 2050 Sancti
486 1984 644 2048 Iohannis
680 1984 832 2068 Baptiste
865 1986 932 2068 .xij.
966 1985 1140 2064 denarios;
1177 1995 1211 2050 et
1243 2007 1263 2050 a

157 2091 335 2155 natiuitate
372 2090 487 2155 Sancti
524 2089 689 2172 Johannis
728 2092 880 2175 Baptiste
917 2112 1022 2175 vsque
1058 2091 1101 2156 ad
1139 2090 1263 2156 Gulam

156 2194 304 2277 Augusti
326 2194 475 2277 qualibet
505 2196 692 2279 septimana
722 2205 789 2261 tres
819 2217 937 2280 operas
968 2196 1030 2259 nisi
1057 2196 1178 2260 festum
1203 2196 1264 2259 im-

158 2296 306 2379 pedierit.
352 2296 397 2361 Et
435 2309 523 2381 post,
557 2318 661 2381 vsque
698 2300 741 2362 ad
780 2299 902 2363 festum
933 2298 1049 2365 Sancti
1081 2298 1264 2377 Michaelis,

156 2401 305 2484 qualibet
336 2405 523 2484 septimana
561 2413 628 2466 tres
665 2424 791 2487 operas,
822 2405 884 2468 nisi
916 2403 1037 2468 lestum
1067 2404 1263 2486 impedierit.

159 2506 245 2569 Item
262 2504 304 2569 ad
326 2507 468 2590 primam
493 2506 673 2589 precariam
695 2508 728 2571 in
751 2518 938 2591 autumpno
960 2518 1027 2572 tres
1047 2506 1200 2571 homines
1220 2508 1263 2571 ad

158 2608 269 2673 cibum
285 2608 413 2674 domini
431 2611 559 2675 Prioris.

225 2713 391 2778 Henricus
413 2714 503 2797 Toly
525 2724 559 2780 et
575 2715 738 2780 Ricardus
756 2715 840 2780 Mile
861 2726 978 2781 tenent
993 2716 1048 2782 ix.
1063 2736 1156 2781 acras
1179 2726 1265 2782 terre

156 2828 191 2881 et
216 2818 300 2881 duas
323 2818 455 2895 croftas,
481 2828 515 2882 et
541 2818 685 2885 reddunt
711 2819 789 2883 inde
820 2840 1026 2903 perannum
1057 2820 1109 2903 iij.
1139 2820 1264 2886 solidos

156 2932 190 2986 et
206 2921 260 2987 ix.
276 2922 450 2987 denarios:
472 2920 596 2987 scilicet
617 2925 660 2988 ad
681 2925 712 2987 N
715 2924 803 2989 atale
820 2926 957 2989 Domini
973 2946 1037 2989 .xv.
1052 2924 1216 3002 denarios,
1231 2937 1265 2991 et

156 3027 200 3091 ad
218 3026 345 3091 Pascha
360 3050 424 3093 .xv.
445 3028 608 3105 denarios,
622 3038 657 3093 et
671 3030 715 3093 ad
733 3030 764 3093 N
767 3031 953 3095 atiuitatem
971 3030 1086 3095 Sancti
1101 3029 1265 3113 Johannis

158 3132 310 3215 Baptiste
346 3154 410 3196 .xv.
440 3131 614 3210 denarios;
652 3143 687 3196 et
723 3133 846 3198 sacient
876 3156 897 3199 a
926 3135 1115 3198 Natiuitate
1148 3134 1264 3200 Sancti

156 3236 319 3320 Johannis
329 3236 480 3319 Baptiste
492 3237 642 3320 qualibet
653 3240 842 3321 septimana
850 3239 914 3321 iiij.
927 3259 1055 3323 operas,
1064 3241 1126 3303 nisi
1143 3239 1263 3303 festum

158 3339 355 3423 impedierit,
370 3360 475 3423 vsque
490 3343 532 3405 ad
546 3342 669 3407 Gulam
682 3341 838 3425 Augusti.
879 3344 965 3407 Item
977 3364 998 3407 a
1013 3342 1100 3408 Gula
1116 3344 1264 3426 Augusti

157 3465 216 3527 per
230 3466 268 3509 .v.
291 3445 496 3528 septimanas
519 3446 695 3529 autumpni
711 3445 860 3530 qualibet
876 3447 1064 3530 septimana
1079 3447 1130 3530 .vj.
1146 3469 1263 3531 operas

158 3550 219 3612 nisi
237 3549 356 3613 festum
374 3549 569 3633 impedierit.
617 3551 703 3615 Item
723 3572 782 3633 per
796 3562 863 3615 tres
879 3552 1084 3634 septimanas
1099 3555 1262 3636 usquead

157 3652 278 3717 festum
296 3654 411 3720 Sancti
430 3653 603 3719 Michaelis
619 3654 768 3738 qualibet
783 3658 970 3739 septimana
985 3655 1050 3738 iiij.
1066 3676 1185 3740 operas
1200 3657 1263 3721 nisi

156 3757 278 3822 festum
291 3758 487 3842 impedierit.
528 3760 613 3824 Item
626 3759 669 3823 ad
681 3762 824 3843 primam
836 3762 1018 3843 precariam
1031 3761 1064 3825 in
1076 3772 1263 3845 autumpno

157 3862 326 3926 inuenient
342 3871 408 3926 tres
424 3862 575 3927 homines
591 3866 663 3928 sine
678 3865 761 3941 cibo,
773 3874 807 3929 et
823 3865 866 3927 ad
882 3864 1064 3929 secundam
1080 3866 1262 3949 precariam

156 3966 303 4049 quinque
319 3967 471 4061 homines
487 3969 529 4031 ad
546 3970 657 4032 cibum
675 3969 803 4032 Prioris.

223 4071 355 4136 Amicia
393 4093 479 4137 vxor
518 4073 674 4156 Hugonis
719 4072 778 4137 filii
817 4073 967 4151 Gilberti,
1009 4072 1177 4137 Alhricius
1220 4073 1293 4137 def.
1309 4087 1378 4150 1701>

157 4174 383 4259 Maddingele,
397 4186 433 4239 et
450 4176 616 4243 Henricus
632 4177 847 4262 Torcheneys
859 4186 975 4242 tenent
991 4178 1045 4243 ix.
1061 4198 1154 4242 acras
1169 4187 1264 4254 terre,

268 4442 275 4474 ¹
294 4460 340 4511 pro
351 4444 447 4512 equalis
459 4445 627 4513 porcionibus,
641 4448 698 4497 MS.
941 4444 952 4476 ²
967 4446 1093 4506 denarios,
1107 4444 1165 4496 MS.
