3234 5059
346 382 364 431 2
370 380 413 453 52
646 360 843 436 Hundred
861 364 911 461 of
936 365 1139 464 Wetherley
1328 367 1448 467 [Boou

341 543 384 607 de
408 542 571 620 Scalariis,
593 554 627 608 ct
650 545 752 609 debet
773 547 800 609 .i.
826 556 952 611 sectam
975 557 1011 613 et
1031 548 1074 613 de
1094 548 1223 613 auxilio
1243 551 1448 614 vicecomitis

342 647 446 730 .viij.d.
494 647 623 713 ibidem
648 648 833 715 Abbatissa
855 652 898 715 de
914 652 1070 718 Chateriz
1091 654 1193 718 debet
1217 654 1244 719 .i.
1265 665 1391 719 sectam
1414 666 1449 719 et

340 763 420 816 sunt
443 753 566 819 ibidem
590 755 629 819 .ii.
646 755 725 819 hide
747 756 932 838 geldabiies
955 768 989 822 et
1011 758 1159 822 dimidia
1206 758 1253 823 Et
1274 760 1446 823 sciendum

341 859 431 942 quod
447 860 617 924 abbatissa
633 858 742 925 reddit
754 880 947 944 perannum
959 884 1021 927 .v„r.
1037 883 1099 946 pro
1110 873 1210 940 secta,
1221 863 1308 929 etde
1320 863 1447 929 auxilio

339 963 543 1028 vicecomitis
559 964 589 1047 .j.
602 964 809 1047 ,quarterium
826 965 992 1031 frumenti.

405 1067 566 1132 Barinton
589 1068 828 1153 [Barrington]
875 1070 1098 1155 Baldewynus
1118 1071 1161 1137 de
1177 1074 1247 1138 Ver
1269 1084 1361 1138 tenet
1383 1073 1446 1138 iiii.

340 1185 468 1257 partem
500 1174 588 1239 feodi
619 1174 646 1257 .j.
678 1175 793 1241 militis
823 1177 867 1241 de
896 1175 1035 1241 baronia
1065 1177 1260 1242 Muniicbet.
1316 1178 1444 1243 Ibidem

339 1287 448 1343 totum
471 1280 665 1363 homagium
695 1281 829 1345 Ricardi
853 1282 896 1345 de
923 1281 1109 1347 Muntichet
1131 1282 1232 1347 debet
1254 1282 1297 1347 de
1319 1281 1446 1347 auxilio

338 1383 542 1449 vicecomitis
579 1405 673 1449 .xx.s.
711 1406 770 1468 per
806 1406 942 1450 annum.
1000 1385 1128 1450 Ibidem
1167 1386 1322 1451 Warinus
1359 1386 1444 1450 filius

340 1486 498 1552 Willelmi
537 1486 638 1553 debet
668 1488 696 1553 .i.
726 1498 852 1553 sectam
890 1510 951 1573 pro
989 1488 1135 1554 Ricardo
1169 1489 1212 1554 de
1250 1489 1444 1554 Muniichet

339 1592 469 1657 ibidem
487 1592 670 1657 Abbatissa
692 1594 735 1657 de
759 1592 915 1661 Chateriz
937 1593 1039 1657 debet
1054 1592 1082 1657 .i.
1097 1604 1223 1658 sectam
1247 1604 1281 1659 et
1300 1604 1379 1658 sunt
1399 1593 1444 1659 ibi

338 1697 387 1762 .vi.
403 1697 481 1762 hide
496 1697 688 1782 geldabiles.

402 1802 559 1867 Karleton
587 1802 614 1886 [i
633 1802 801 1885 Harlton].
848 1803 1001 1885 Rogerus
1027 1803 1071 1866 de
1099 1804 1325 1887 Huntingieid
1351 1813 1444 1869 tenet

338 1905 472 1970 ieodum
489 1908 516 1971 .i.
531 1907 643 1971 militis
658 1909 701 1971 de
717 1908 850 1973 Comitc
866 1907 1054 1972 Giouemie.
1101 1909 1230 1973 Ibidem
1247 1909 1444 1973 Alexander

339 2010 492 2076 Maniant
508 2021 599 2075 tenet
620 2010 753 2076 feodum
776 2012 906 2075 dimidii
928 2012 1042 2076 militis
1058 2012 1101 2077 de
1116 2012 1253 2078 baronia
1276 2014 1442 2077 Hamonis

339 2114 455 2191 Peche,
477 2126 511 2179 et
533 2116 635 2180 debet
649 2116 677 2180 .i.
693 2126 830 2192 sectam,
852 2126 886 2180 et
908 2115 952 2179 de
973 2116 1100 2179 auxilio
1118 2116 1322 2182 vicecomitis
1344 2117 1441 2182 ,xiid⁸

339 2220 503 2285 Radulius
533 2220 698 2286 Carbonel
729 2220 830 2284 debet
855 2220 884 2284 .i.
910 2229 1046 2296 sectam,
1071 2230 1106 2285 et
1131 2221 1174 2285 de
1203 2220 1330 2285 auxilio
1356 2222 1441 2285 vice-

336 2326 468 2390 comitis
491 2324 630 2408 .xij.[d.]‚
653 2334 687 2388 et
710 2334 788 2389 sunt
812 2323 935 2389 ibidem
958 2346 997 2389 .v.
1019 2324 1097 2389 hide
1120 2323 1314 2407 geldabiles.

400 2428 519 2493 Berton
545 2428 708 2514 [Barton].
753 2429 886 2493 Alanus
907 2430 951 2493 de
976 2429 1099 2493 Berton
1124 2438 1159 2493 et
1185 2430 1363 2513 participes
1389 2430 1439 2493 sui

335 2545 450 2600 tenent
474 2535 571 2599 ieoda
594 2534 634 2599 .ii.
658 2534 800 2599 miiitum
823 2534 867 2597 de
889 2532 1028 2597 baronia
1052 2532 1183 2615 Leydet
1205 2541 1239 2596 et
1261 2533 1386 2597 debent
1411 2534 1439 2597 .i.

335 2650 459 2704 sectam
498 2649 531 2704 et
561 2638 634 2723 [de]
663 2638 791 2703 auxilio
829 2636 1035 2701 vicecomitis
1072 2636 1150 2719 ,iij.s.
1175 2636 1247 2719 ,ijrt
1308 2637 1438 2702 Ibidem

337 2745 503 2809 Robertus
519 2742 851 2829 [Cantabrigiensis]¹
866 2752 959 2806 tenet
975 2742 1003 2806 .i.
1020 2742 1134 2805 hidam
1155 2751 1241 2805 terre
1256 2739 1299 2805 de
1314 2742 1439 2805 honore

336 2848 527 2931 Leycestrie
549 2870 608 2933 per
630 2847 694 2931 iiij.
719 2858 848 2931 partem
872 2846 960 2911 ieodi
985 2847 1013 2911 .i.
1037 2846 1159 2910 militis.
1205 2844 1336 2909 Ibidem
1360 2855 1438 2910 sunt

333 2956 383 3018 .vi.
399 2954 476 3018 hide
490 2952 674 3037 geldabiles
689 2962 723 3014 et
739 2950 863 3015 debent
879 2950 1085 3033 pontagium.

400 3058 591 3123 Cumbcrtou
627 3052 870 3140 [CombertonJ.
929 3054 1099 3136 Johannes
1137 3054 1180 3117 de
1218 3052 1435 3138 Cotenh[am]

333 3174 424 3228 tenet
451 3162 584 3228 ieodum
612 3162 640 3224 .i.
668 3160 780 3223 militis
808 3159 850 3222 de
878 3158 983 3225 Saero
1008 3158 1051 3221 de
1079 3159 1205 3223 Sancto
1231 3158 1370 3222 Andrea
1392 3160 1435 3222 de

331 3268 456 3333 honore
482 3265 627 3339 Peuerei,
653 3273 686 3327 et
713 3262 814 3327 debet
837 3262 983 3326 wardam
1009 3263 1118 3328 Castri
1141 3261 1226 3325 inira
1251 3282 1376 3325 annum
1401 3272 1435 3327 et

330 3372 506 3437 dimidium
536 3368 711 3433 dimidiam
743 3387 899 3430 marcam.
945 3366 992 3429 Et
1021 3375 1099 3430 sunt
1132 3365 1255 3429 ibidem
1285 3366 1328 3448 .ij.
1357 3366 1435 3431 hide

329 3477 521 3562 geldabiles.

212 3590 316 3652 r.147b
396 3582 582 3647 Grantcsete
611 3574 865 3662 [Grantchestcr
890 3574 968 3637 with
1000 3572 1131 3655 Coton].
1178 3574 1434 3641 Bartholomeus

331 3684 457 3749 Pecche
478 3693 570 3747 tenet
591 3684 618 3746 .i.
640 3678 774 3744 feodum
798 3688 833 3742 et
854 3677 1033 3742 dimidium
1055 3677 1098 3741 de
1124 3677 1250 3742 honore
1275 3678 1434 3743 Bononie.

331 3791 459 3854 Ibidem
493 3788 659 3852 Robertus
690 3784 720 3848 le
755 3782 825 3866 Eyr
859 3782 961 3846 debet
995 3791 1120 3846 sectam
1156 3792 1190 3847 et
1226 3786 1433 3865 pontagium.

330 3896 459 3960 Ibidem
497 3895 633 3958 Hawisa
663 3891 706 3954 de
738 3890 859 3973 Quinci
892 3897 983 3952 tenet
1015 3887 1149 3951 feodum
1183 3888 1211 3951 .i.
1244 3887 1358 3952 militis
1389 3888 1433 3953 de

327 4002 453 4065 honore
480 3998 524 4062 de
550 3997 738 4061 Mortumer
763 4016 877 4059 versus
900 3994 1059 4057 Wailiam
1085 4002 1120 4057 et
1144 3993 1245 4057 debet
1268 3994 1432 4057 auxilium

327 4105 532 4169 vicecomitis
553 4101 652 4184 ,xij.d.
700 4098 829 4163 ibidem
851 4099 1018 4162 Henricus
1036 4098 1079 4161 de
1098 4097 1237 4161 Rondes
1252 4107 1345 4162 tenet
1365 4097 1432 4162 ico

325 4214 406 4276 dum
427 4208 557 4274 dimidii
580 4206 694 4270 militis
712 4206 754 4269 de
775 4205 913 4268 baronia
929 4202 1061 4287 Leydet
1077 4211 1111 4266 et
1131 4202 1232 4267 debet
1247 4204 1276 4267 .i.
1296 4212 1432 4283 sectam,

325 4316 416 4381 etde
432 4313 560 4378 auxilio
575 4310 780 4375 vicecomitis
797 4308 897 4389 .xij.d.

454 4442 463 4475 ¹
481 4440 682 4495 Cautuaricnsis,
695 4438 754 4489 Ms.
788 4437 837 4489 See
848 4438 905 4487 Rea
911 4436 978 4488 Book
988 4436 1063 4501 ostie
1074 4436 1227 4501 Excluquen
1238 4439 1295 4487 800.
