3234 5059
346 363 398 435 ns
732 374 736 385 ’
779 352 1022 427 Mzkcclluuea
1090 422 1093 428 ,
1170 362 1173 367 ’

351 549 441 615 atque
460 534 575 597 mulien·
616 536 654 595 ln
670 532 888 597 resurrectione
901 552 973 613 ergo
987 551 1057 595 curn
1077 530 1301 594 resurrexerint!
1322 528 1407 592 cuius
1424 528 1464 589 de

352 633 399 695 his
417 631 473 695 erit
490 636 581 693 uxor!
604 630 821 715 septetnlenim
841 651 909 694 eant
928 633 1097 694 habuerunt
1115 644 1247 699 uxorem.
1290 632 1330 691 Et
1346 646 1465 707 respon·

353 733 429 795 dens
453 730 553 793 ihesus
577 728 618 792 ait
643 729 708 792 iilis.
747 732 864 793 vNonne
888 728 958 793 ideo
981 729 1085 791 erratis
1105 730 1280 814 nescientes
1307 726 1467 807 scripturas

191 861 313 907 uentu
354 850 453 909 neque
474 828 615 891 uirtutem
637 827 706 890 deit
731 830 811 890 Cum
832 826 912 905 enirn
929 848 954 897 :a
974 826 1099 889 mortuis
1118 826 1345 899 resurrexerint!
1368 844 1467 903 neque

190 908 339 1006 {dinc‘ffifi'
355 930 471 992 nubent
484 948 584 1010 neque
599 928 765 990 nubentur}
786 929 841 989 sed
855 940 924 989 sunt
938 926 1014 989 sicut
1027 924 1125 1005 angeli
1138 923 1169 985 in
1183 926 1264 989 celis.

190 1012 275 1057 ¹¹¹⁰*
417 1030 577 1093 &undum
605 1030 723 1089 Lucam.
777 1030 816 1088 In
850 1026 901 1089 iilo
933 1040 1077 1106 tempore.
1129 1029 1287 1105 Lomente
1316 1025 1402 1085 ihesu
1429 1023 1469 1083 ad

356 1128 475 1189 turbas!
507 1126 653 1187 extollens
677 1144 785 1187 uocem
811 1124 941 1204 quedam
965 1124 1073 1187 mulier
1096 1126 1136 1188 de
1160 1127 1247 1187 turba
1270 1135 1302 1184 et
1325 1120 1400 1183 dixit
1426 1118 1470 1180 illi

357 1228 467 1288 Beatus
494 1237 598 1288 uenter
626 1224 678 1305 qui
706 1236 736 1287 te
761 1226 910 1305 portauit!
939 1237 970 1287 et
994 1226 1086 1288 ubera
1113 1245 1172 1305 que
1199 1220 1310 1295 suxisti.
1353 1223 1395 1281 At
1421 1217 1471 1280 ilie

357 1322 440 1387 dixit.
484 1320 680 1400 Quinimmo!
709 1322 788 1385 beati
813 1323 866 1401 qui
889 1323 1018 1385 audiunt
1034 1326 1168 1396 ‘uerbum
1189 1322 1239 1387 dei
1260 1332 1350 1399 atque
1374 1328 1471 1381 custo·

358 1422 446 1486 diunt
466 1421 548 1486 iilud.
1457 1435 1463 1439 ·

421 1524 581 1585 &ouum
593 1522 769 1601 johannem.
815 1523 852 1582 In
871 1517 1019 1602 principio
1038 1534 1101 1585 erat
1114 1524 1249 1586 uerbum.
1293 1523 1333 1581 Et
1347 1518 1471 1581 uerbum

359 1634 423 1683 erat
440 1621 521 1701 apud
540 1621 640 1683 deum.
685 1622 725 1681 Et
743 1621 819 1682 deus
838 1632 901 1682 erat
920 1622 1055 1683 uerbum.
1100 1625 1172 1683 Hoc
1191 1633 1254 1683 erat
1275 1619 1306 1680 in
1325 1614 1473 1697 principio

359 1718 441 1797 apud
462 1719 561 1781 deum.
605 1716 717 1781 Omnia
737 1737 791 1797 per
812 1720 910 1797 ipsum
932 1722 1012 1781 facta
1032 1726 1119 1781 suntt
1132 1730 1171 1786 et
1190 1718 1255 1781 sine
1274 1718 1341 1797 ipso
1361 1717 1473 1776 iactum

361 1828 408 1880 est
432 1817 532 1879 nichil.
575 1818 668 1895 Quod
691 1810 803 1878 {aetum
829 1829 892 1879 est:
921 1816 1044 1898 inipso
1067 1819 1130 1879 uita
1153 1828 1224 1881 erat.
1268 1818 1308 1877 Et
1329 1812 1392 1876 uita
1412 1823 1475 1873 erat

363 1917 413 1976 lux
427 1914 593 1977 hominum.
638 1918 677 1977 Et
695 1916 745 1976 iux
765 1914 796 1975 in
815 1916 947 1985 tenebris
966 1919 1064 1993 lucet3
1084 1928 1175 1995 atque
1193 1916 1317 1978 tenebre
1330 1933 1397 1975 eam
1412 1930 1475 1973 non

364 2013 663 2090 comprehenderunt.
708 2010 777 2073 Fuit
804 2013 898 2074 homo
921 2014 1029 2075 missus
1052 2035 1072 2074 a
1095 2017 1172 2076 deo!
1200 2013 1249 2074 cui
1267 2030 1386 2076 nomen
1413 2017 1477 2069 erat

280 2128 351 2182 tab
364 2112 517 2175 iohannes.
562 2111 624 2173 Hic
646 2112 730 2173 uenit
751 2111 781 2171 in
804 2112 1008 2174 testimonium
1031 2125 1063 2174 ut
1084 2112 1289 2177 testimonium
1308 2108 1477 2190 perhiberet

364 2208 404 2270 de
425 2207 556 2273 lumine!
586 2220 619 2270 ut
640 2226 747 2269 omnes
770 2209 926 2270 crederent
949 2228 1004 2287 per
1025 2211 1117 2271 illum.
1163 2209 1234 2272 Non
1255 2219 1319 2270 erat
1339 2207 1389 2270 iile
1409 2208 1477 2266 luxi

365 2308 419 2368 sed
436 2318 472 2367 ut
497 2304 702 2367 testimonium
724 2306 893 2386 perhiberet
913 2309 954 2370 de
973 2310 1095 2373 iumine.
1139 2310 1211 2371 Erat
1231 2311 1282 2369 lux
1302 2310 1391 2369 uera!
1418 2324 1479 2383 que

366 2404 514 2466 illuminat
539 2424 661 2466 omnem
686 2406 841 2469 hominem
870 2408 1041 2471 uenientem
1070 2409 1101 2471 in
1130 2412 1212 2471 hunc
1240 2409 1395 2470 mundum.
1440 2407 1478 2466 ln

367 2504 482 2565 mundo
510 2515 580 2579 erat,
609 2516 702 2582 atque
726 2505 857 2568 mundus
880 2526 935 2585 per
956 2509 1055 2586 ipsum
1080 2510 1177 2570 factus
1200 2513 1263 2571 est!
1291 2519 1323 2569 et
1349 2504 1480 2566 mundus

367 2620 437 2671 eum
451 2620 513 2663 non
524 2600 678 2681 cognouit
723 2604 758 2665 In
774 2604 895 2683 propria
908 2605 1009 2669 uenit!
1030 2621 1061 2670 et
1075 2605 1121 2669 sui
1135 2628 1205 2671 eum
1220 2627 1283 2669 non
1292 2615 1478 2683 receperunt.

368 2702 527 2777 Quotquot
545 2712 645 2762 autem
665 2716 841 2782 receperunt
860 2711 949 2766 eum!
970 2705 1056 2767 dedit
1074 2703 1118 2769 eis
1131 2716 1312 2785 potestatem
1333 2702 1411 2764 filios
1432 2699 1482 2762 dei

368 2798 431 2859 fieri
451 2797 498 2859 his
520 2797 570 2875 qui
594 2799 719 2861 credunt
744 2800 774 2861 in
798 2802 921 2865 nornine
944 2800 1015 2865 eius.
1058 2801 1118 2881 Qui
1141 2823 1204 2866 non
1228 2824 1265 2864 ex
1290 2798 1482 2878 sanguinibus

370 2915 470 2974 neque
491 2917 527 2958 ex
550 2898 705 2960 uoluntate
726 2900 824 2961 carnis
845 2920 944 2979 neque
965 2922 1002 2963 ex
1023 2902 1177 2963 uoluntate
1198 2898 1273 2963 uiri!
1295 2900 1350 2961 sed
1367 2918 1404 2960 ex
1422 2899 1483 2959 deo

369 2993 432 3055 nati
447 3006 524 3056 sunt.
569 2996 609 3055 Et
628 2998 753 3057 uerbum
776 3018 847 3060 caro
865 3000 977 3061 sactum
991 3004 1054 3062 est!
1075 3011 1166 3077 atque
1181 2997 1327 3059 habitauit
1341 2996 1372 3057 in
1386 2994 1482 3057 nobis.

372 3094 411 3153 Et
425 3092 555 3154 uidimus
570 3094 692 3171 gloriam
709 3095 793 3157 eius!
815 3097 940 3176 gloriam
959 3096 1043 3176 quasi
1057 3097 1202 3177 unigeniti
1215 3117 1234 3157 a
1248 3106 1342 3173 patre·
1356 3095 1484 3155 Plenum

305 3257 309 3266 ,
370 3190 468 3270 gracie
488 3202 519 3253 et
539 3192 679 3254 ueritatis.

483 3448 514 3514 d.
559 3448 686 3513 Lattars
708 3452 884 3534 dimissory
895 3455 959 3534 for
978 3476 1001 3517 a
1026 3454 1138 3520 Canon
1161 3452 1233 3516 who
1255 3451 1374 3537 wasloes

695 3564 726 3619 to
747 3556 868 3641 change
889 3558 942 3621 lus
964 3564 1167 3641 monastery.

427 3722 604 3795 [Uenerabiii
623 3734 653 3781 et
671 3726 802 3795 religioso
820 3727 881 3782 viro
896 3726 908 3798 [
1190 3724 1299 3798 Jpriori
1319 3726 1487 3780 Monasterii

375 3809 465 3865 sancti
492 3810 587 3879 Egidii
612 3811 649 3867 de
675 3812 829 3867 Barneweli
855 3812 932 3867 iuxta
955 3812 1176 3883 cantabrigiam,
1196 3812 1303 3866 Eiiensi
1325 3810 1441 3879 diocesi,
1458 3822 1489 3867 et

375 3898 503 3954 eiusdem
529 3898 582 3954 loci
608 3901 759 3955 conuentui
787 3900 926 3956 Ricardus
950 3902 1028 3973 prior
1048 3901 1187 3973 prioratus
1207 3901 1245 3955 de
1270 3900 1402 3971 Stoniey²
1424 3900 1488 3954 Lin-

376 3986 513 4041 colniensi
521 3986 628 4043 diocesi
636 3999 665 4044 et
673 3988 801 4044 eiusdem
812 3989 867 4045 ioci
877 4000 1035 4045 conuentus
1042 3990 1163 4045 salutem
1173 3989 1202 4043 in
1211 3990 1339 4044 omnium
1348 3990 1489 4044 saluatore

376 4072 444 4145 quia
467 4073 588 4129 dilectus
612 4075 694 4131 nobis
718 4077 747 4131 in
774 4074 919 4148 Christo[
1140 4074 1261 4147 ]nuper
1283 4076 1438 4133 canonicus
1461 4086 1490 4131 et

427 4240 436 4273 ¹
454 4242 536 4294 These
549 4252 599 4294 two
610 4246 757 4309 documents
768 4263 810 4296 are
823 4248 848 4295 in
859 4246 955 4297 abund
966 4248 995 4297 oi
1003 4247 1045 4297 the
1057 4247 1171 4298 fineenrh
1182 4254 1294 4311 century.

426 4324 437 4355 ¹
455 4326 478 4375 Α
495 4326 578 4392 priory
589 4328 619 4377 oi
633 4328 723 4379 Austin
741 4330 845 4379 Canons
860 4338 887 4379 at
904 4329 1024 4393 Stoneiey
1038 4346 1099 4379 near
1116 4329 1274 4391 Kimboiton‚
1289 4330 1399 4380 founded
1415 4331 1492 4380 about

381 4410 451 4460 1180.
485 4408 556 4459 Mon.
571 4412 648 4475 Angl.
662 4422 699 4463 vr.
714 4412 770 4475 476.
