3234 5059
176 385 238 482 111]
339 385 429 464 Suit
445 383 521 480 for
544 383 612 457 they
634 383 798 468 Chardi.
812 382 861 477 of
887 381 1124 460 Waierbeaclr
1215 399 1282 477 135

301 677 349 742 54.
396 662 445 724 De
460 660 582 742 placito
604 669 715 724 contra
742 633 942 740 temptamus
955 669 1019 742 pro
1041 657 1167 722 ecclesia
1275 631 1279 637 ’

570 762 627 826 de
658 761 878 826 Waterbeclte¹
911 785 914 793 ·

245 927 503 992 Memorandum
531 887 658 1011 quod
649 946 683 998 ιιι
710 927 839 990 octabis
861 924 968 990 sancti
996 888 1171 989 Michaelis
1198 943 1287 988 anno
1300 941 1434 1035 xeo-nro

178 1033 271 1114 regni
304 1031 406 1114 Regis
444 1030 622 1095 Eadwardi
658 1030 811 1112 septimo
841 1031 933 1094 venit
963 1029 1127 1111 Magister
1162 992 1451 1134 ΜίΙίοἰεΞιῖἷωιιιιε

1322 1092 1388 1144 erupi
1389 1103 1430 1133 m

178 1135 344 1226 Templi'
336 1156 369 1197 111
392 1134 517 1218 Anglia
538 1143 597 1216 pet
617 1142 824 1198 attornatum
845 1153 943 1196 suum
964 1153 1076 1197 coram
1095 1131 1287 1214 justiciarijs
1300 1142 1393 1235 {qu
1402 1190 1431 1233 of

178 1239 306 1328 domini
330 1239 467 1322 Regis
458 1259 491 1302 ιιι
513 1238 623 1302 banco
646 1237 736 1320 apud
760 1237 1108 1314 westmonasterium,
1128 1245 1163 1300 et
1185 1234 1419 1336 pecijtfflgr·

178 1363 292 1406 versus
317 1343 464 1414 Priorem
492 1341 534 1406 de
562 1340 764 1405 Bernewelle
791 1341 1052 1405 aduocacionem
1083 1339 1221 1404 ecclesie
1245 1339 1288 1402 de

181 1445 410 1522 Waterbeche,
426 1456 463 1508 ut
477 1445 530 1528 jus
546 1455 618 1520 etc,
633 1465 692 1528 per
707 1439 808 1508 bre'ue
826 1445 869 1508 de
890 1454 988 1508 recto,
1015 1514 1018 1520 ,
1035 1443 1081 1507 Et
1100 1444 1189 1536 vnde
1207 1443 1288 1508 dicit
1301 1457 1319 1507 r.
1332 1473 1363 1521 50

179 1551 269 1630 quod
291 1549 428 1632 quidam
451 1549 624 1613 Emericus
644 1547 815 1631 quondam
836 1548 998 1630 Magister
1014 1545 1138 1610 Milicie
1154 1543 1288 1628 Templi

179 1653 212 1716 in
237 1653 363 1736 Anglia
385 1651 598 1736 predecessor
623 1671 703 1715 suus
727 1650 790 1716 suit
816 1651 961 1733 seysitus
986 1651 1030 1714 de
1053 1649 1205 1734 predicta
1230 1648 1288 1712 ad·

179 1759 359 1822 uocacione
379 1769 530 1841 tempore
550 1757 641 1840 pacis
662 1767 696 1820 et
716 1764 869 1838 tempore
888 1753 1016 1818 domini
1033 1755 1137 1838 Regis
1153 1751 1288 1817 Ricardi

179 1863 417 1946 consanguinei
447 1850 575 1927 domini
607 1861 710 1943 Regis
740 1879 838 1936 nunc,
864 1859 1089 1944 presentando
1118 1858 1287 1942 quendam

178 1965 368 2049 Johannem
404 1965 447 2029 de
483 1964 672 2029 Charmels²
707 1964 877 2027 clericum,
899 1984 997 2028 suum
1028 1963 1072 2027 ad
1103 1961 1287 2048 predictam
1310 2041 1338 2055 Ι,

179 2061 362 2150 ecclesiam,
387 2071 444 2154 qui
471 2068 513 2133 ad
541 2069 827 2152 presentacionem
852 2088 948 2132 suam
973 2067 1035 2133 fuit
1059 2066 1224 2131 admissus
1254 2077 1288 2132 et

180 2175 360 2251 institutus,
384 2172 547 2257 capiendo
570 2171 648 2235 inde
671 2171 833 2255 explecia,
854 2183 891 2237 ut
911 2168 1231 2246 inobuencionibus
1254 2181 1289 2236 et

179 2277 410 2341 oblacionibus
437 2286 470 2341 et
497 2275 571 2360 alijs
594 2274 637 2338 ad
660 2274 844 2340 valenciam
868 2274 1006 2339 dimidie
1028 2295 1140 2339 marce
1161 2284 1232 2352 etc,
1254 2287 1289 2338 et

179 2381 270 2466 quod
294 2381 361 2446 tale
383 2379 428 2444 sit
451 2380 500 2444 ius
523 2399 620 2442 suum
644 2377 741 2443 offert
763 2389 824 2442 etc.

246 2483 293 2551 Et
314 2485 408 2548 Prior
427 2485 470 2548 de
491 2483 694 2547 Bernewelle
714 2503 774 2565 per
794 2492 1000 2562 attornatum
1022 2504 1119 2549 suum
1141 2483 1233 2547 uenit
1254 2493 1289 2546 et

130 2645 133 2649 .
179 2589 331 2654 defendit
352 2588 406 2671 jus
430 2608 536 2663 suum,
558 2585 695 2670 quando
717 2591 790 2664 etc.‚'
811 2597 845 2651 et
871 2586 952 2652 dicit
977 2589 1068 2672 quod
1092 2585 1159 2652 non
1186 2587 1287 2652 debet

181 2693 258 2758 inde
274 2688 304 2757 ei
324 2692 367 2756 ad
389 2692 453 2755 hoc
474 2693 575 2756 breue
596 2690 805 2774 respondere,
820 2693 899 2775 quia
914 2692 995 2757 dicit
1010 2694 1100 2776 quod
1117 2693 1286 2776 predictus

182 2798 345 2880 Magister
365 2796 447 2872 alias
469 2797 501 2858 in
523 2796 614 2859 curia
636 2795 738 2878 Regis
760 2795 813 2858 hic
834 2796 910 2860 tulit
930 2797 1103 2860 consimile
1123 2797 1224 2862 breue
1244 2795 1287 2860 de

181 2911 271 2964 recto
286 2921 401 2964 versus
419 2896 693 2982 ipsum'Priorem
715 2899 758 2962 de
779 2899 929 2982 predicta
949 2901 1184 2977 aduocacione,
1199 2909 1233 2964 et
1254 2899 1287 2963 in

180 3005 374 3069 narracione
400 3025 460 3068 sua
486 3003 575 3079 dixit
601 3003 692 3086 quod
714 3004 852 3086 quidam
877 3004 1042 3068 Ricardus
1064 3006 1108 3069 de
1131 3005 1288 3088 Hasting,

180 3103 356 3192 quondam'
365 3109 529 3192 Magister
542 3106 667 3171 Milicie
677 3107 811 3190 Templi
824 3109 859 3172 in
872 3108 1006 3192 Anglia,
1017 3108 1078 3173 fuit
1090 3097 1234 3192 sepsitus
1246 3108 1288 3173 de

180 3212 330 3298 predicta¹
350 3208 575 3276 'aduocacione
596 3223 747 3295 tempore
761 3211 898 3276 Henrici
912 3212 1015 3296 Regis
1028 3213 1144 3296 proaui
1154 3212 1288 3277 'domini

181 3317 285 3400 Regis
310 3337 406 3392 nunc,
431 3327 467 3381 vt
492 3315 535 3380 de
562 3315 661 3380 feodo
686 3325 719 3382 et
746 3315 844 3399 jure⁸‚
871 3317 1096 3399 presentando
1119 3315 1288 3400 quendam
1371 3318 1375 3326 '

180 3423 348 3499 clericum¹
362 3442 459 3485 suum
487 3420 530 3485 ad
556 3420 708 3497 eandem,
734 3431 768 3485 et
794 3421 885 3502 quod
903 3419 1068 3501 dominus
1096 3421 1174 3486 Rex
1200 3441 1289 3486 nunc

180 3535 343 3590 statuerat
377 3517 485 3608 quod
505 3523 615 3602 nullus
650 3520 804 3588 dec'eter'o
840 3525 1009 3588 audiretur
1043 3523 1209 3588 narrando
1244 3524 1287 3589 ad

180 3628 371 3694 huiusmodi
392 3629 499 3709 ‚breue
529 3627 572 3692 de
599 3623 732 3711 se'ysina
756 3630 806 3692 sui
831 3631 1050 3693 antecessoris
1075 3629 1118 3693 de
1143 3628 1288 3696 ulteriori

179 3743 332 3816 ternpore
362 3732 538 3816 quamde
567 3733 726 3815 tempore,
749 3731 876 3795 domini
906 3733 1008 3815 Regis
1038 3729 1196 3796 Ricardit
1242 3733 1288 3798 Et

180 3838 349 3921 predictus
374 3835 535 3919 Magister
558 3856 625 3900 non
646 3829 756 3920 po'tuit
776 3835 858 3900 illud
882 3834 1046 3902 dediceress
1091 3835 1288 3902 Considera·

229 4037 238 4071 ¹
256 4039 296 4090 De
309 4039 394 4088 Banco
408 4037 487 4099 Rolls,
500 4037 549 4087 No.
562 4053 602 4102 31,
616 4037 711 4102 Roll5.
745 4037 808 4088 This
819 4040 891 4104 ehtry
902 4038 985 4090 isos
978 4048 1080 4091 mterest
1090 4055 1118 4090 as
1129 4040 1206 4106 being
1215 4039 1290 4092 fuller

180 4123 241 4174 than
257 4121 301 4172 the
317 4116 494 4172 enrolmentu
489 4121 581 4186 Many
600 4121 629 4171 oi
646 4121 716 4172 the‘
719 4120 819 4172 ‘etcss’s
822 4121 877 4173 ’of
895 4122 939 4173 the
958 4125 1032 4173 latter
1047 4138 1092 4174 are
1109 4123 1169 4174 here
1187 4132 1225 4174 set
1244 4131 1290 4174 out

180 4221 206 4255 m
223 4204 341 4336 ι’ωΙῐιιιὴιιιιε
352 4285 399 4336 roll
411 4250 453 4336 tire
465 4286 552 4336 word'
546 4303 567 4336 rs
580 4287 677 4338 written
689 4287 821 4338 Chamels.
918 4287 929 4320 ⁸
945 4288 1038 4340 ieodo
1028 4289 1100 4353 juris,
1114 4289 1172 4340 MS.

228 4369 239 4401 ⁴
256 4369 295 4434 By
309 4369 353 4419 the
368 4367 466 4419 Statute
481 4369 509 4418 oi
523 4368 697 4420 Westminster
714 4369 757 4419 the
776 4369 852 4426 First.
866 4371 957 4436 passed
973 4371 1000 4420 in
1015 4385 1033 4420 a
1049 4371 1201 4423 Parliament
1218 4371 1289 4423 there

180 4449 320 4500 assemblel
338 4463 368 4500 rr
386 4449 469 4515 April,
492 4465 563 4514 ¹²75·
580 4451 623 4502 the
640 4451 700 4500 tiine
717 4451 755 4500 sor
772 4466 788 4501 a
803 4452 861 4502 writ
877 4452 986 4518 oinright
1003 4468 1055 4504 was
1070 4452 1177 4504 limited.
