3234 5059
357 405 424 475 118
568 403 606 475 T
600 401 645 474 he
662 400 934 498 pastura-land
954 399 1003 496 of
1018 399 1242 497 Madz'nglcy
1335 396 1457 496 [BOOK

350 589 523 654 ecclesiam
546 610 641 653 suam
664 588 707 653 de
731 588 934 654 Bemewelie
956 587 1000 652 de
1021 587 1179 670 predictis
1200 585 1409 660 tenementis,
1424 593 1460 648 et

351 694 461 777 ipsum
484 713 543 777 per
565 692 702 775 longum
727 702 860 777 tempus
882 702 961 757 ante
984 703 1126 757 mortem
1150 711 1244 756 suam
1266 691 1310 755 de
1331 689 1457 754 eisdem

351 799 551 865 tenementis
576 799 608 862 in
634 799 803 881 saysinam
830 799 1013 881 plenariam
1039 801 1160 882 posuit,
1181 798 1268 862 sicut
1290 795 1458 880 predictus

354 904 446 968 Prior
466 904 557 981 dicit,
579 904 657 987 quia
680 911 750 967 tam
774 911 836 967 etc

477 1159 526 1222 ²9·
570 1140 736 1205 Placitum
760 1139 800 1204 de
822 1140 894 1204 dote
915 1139 1057 1204 Mabilie
1078 1159 1138 1223 que
1153 1137 1232 1221 fuit
1254 1159 1336 1202 vxor

773 1244 892 1309 Thome
921 1244 1040 1326 Tuylet.

422 1407 517 1471 Idem
535 1406 628 1471 Prior
644 1407 787 1489 opponit
802 1427 838 1470 se
861 1406 924 1472 iiii.
945 1407 1000 1471 die
1020 1427 1135 1470 uersus
1153 1405 1337 1470 Robertum
1354 1403 1459 1468 filium

357 1510 496 1575 Roberti
523 1509 655 1574 Hubert
679 1509 722 1574 de
749 1509 874 1593 placito
897 1511 988 1594 quod
1013 1511 1243 1575 warantizaret
1266 1511 1297 1574 ei
1323 1510 1459 1573 terciam

356 1625 485 1699 partem
502 1615 556 1679 dx.
573 1625 606 1680 et
627 1615 668 1679 vi.
691 1635 842 1679 acrarum
863 1625 949 1679 terre
969 1635 1045 1679 cum
1062 1614 1273 1698 pertinenciis
1288 1615 1322 1676 in
1339 1613 1460 1678 Cante-

355 1720 461 1802 brigia
486 1728 520 1783 et
546 1719 755 1796 Bemewelle,
781 1740 884 1802 quam
911 1720 1048 1785 terciam
1075 1728 1204 1801 partem
1231 1717 1371 1780 Mabilia
1394 1737 1460 1800 que

353 1823 415 1887 suit
429 1843 516 1888 vxor
531 1821 662 1886 Thome
678 1821 801 1904 Tuylet
822 1821 945 1886 clamat
965 1822 998 1886 in
1015 1823 1129 1886 dotem
1145 1841 1260 1885 uersus
1280 1841 1365 1885 eum.
1412 1821 1459 1884 Et

279 1967 286 1980 ·
355 1927 445 1992 idern
463 1926 554 1990 Prior
570 1925 651 1990 alias
672 1927 805 1990 uocauit
829 1927 1015 2010 predictum
1033 1925 1218 1989 Robertum
1242 1925 1284 1988 ad
1307 1925 1460 1989 waranti-

354 2031 498 2095 zandum
535 2050 650 2093 uersus
684 2050 768 2106 eam,
802 2039 836 2093 et
873 2030 1041 2095 Robertus
1077 2050 1143 2093 non
1174 2030 1274 2104 uenit,
1304 2038 1365 2092 etc
1401 2029 1459 2092 sed

355 2145 548 2218 preceptum
579 2134 641 2198 suit
672 2134 859 2199 vicecomiti
889 2136 981 2218 quod
1017 2144 1227 2198 summoneat
1261 2154 1338 2198 eum
1369 2133 1460 2216 quod

355 2248 442 2304 esset
472 2239 515 2303 ad
546 2238 633 2302 hunc
660 2238 750 2302 diem
781 2239 824 2303 ad
850 2240 1144 2303 warantizandum.
1202 2239 1247 2302 Et
1276 2240 1461 2302 vicecomes

356 2342 456 2406 nichil
492 2342 569 2406 inde
605 2342 691 2416 fecit,
721 2363 782 2406 nec
818 2344 920 2408 breue
957 2345 1055 2408 misit
1117 2343 1208 2420 Ideo,
1244 2343 1329 2405 sicut
1360 2343 1459 2424 prius,

355 2456 548 2531 preceptum
587 2457 638 2510 est
670 2447 856 2511 vicecomiti
894 2449 984 2530 quod
1023 2456 1235 2512 summoneat
1272 2445 1459 2529 predictum

357 2552 543 2615 Robertum
566 2552 656 2634 quod
684 2552 728 2615 sit
754 2551 787 2615 in
815 2553 959 2614 crastino
983 2551 1192 2628 Animarum,
1215 2561 1250 2614 et
1275 2552 1460 2615 vicecomes

356 2657 399 2720 sit
414 2655 586 2719 auditurus
600 2655 761 2738 judicium
777 2675 883 2718 suum.
932 2653 1026 2718 Idem
1042 2654 1114 2717 dies
1135 2655 1233 2718 datus
1248 2664 1299 2718 est
1314 2653 1462 2739 predicte

357 2759 492 2824 Mabilie
508 2761 541 2823 in
559 2759 680 2836 Banco,
697 2770 731 2823 et
748 2759 840 2823 Prior
854 2761 950 2841 ponit
966 2759 1041 2822 loco
1055 2779 1116 2822 suo
1137 2759 1323 2824 Galsridum
1341 2759 1460 2822 Russei

358 2875 392 2928 et
407 2873 542 2928 amouet
558 2862 746 2927 Galsridum
761 2864 804 2925 de
820 2861 938 2926 Tostes
953 2883 1053 2945 quem
1069 2864 1160 2945 prius
1174 2873 1236 2927 etc

485 3129 535 3194 30.
579 3110 684 3177 Breue
706 3111 834 3176 domini
856 3111 943 3195 regis
965 3112 1003 3176 dc
1026 3112 1169 3177 Extenta
1192 3114 1338 3178 Pasture

770 3217 810 3280 de
830 3216 1049 3300 Maddingele.

196 3330 264 3373 war

195 3381 324 3474 tsohtelpp‘fos
413 3373 578 3448 H[enricus]
588 3376 633 3431 dei
643 3374 739 3446 gracia
751 3385 804 3432 etc.
818 3377 977 3432 vicecomiti
991 3377 1172 3447 Cantebrigie
1185 3379 1313 3434 salutem.
1339 3381 1463 3449 Questus

196 3481 270 3524 cnm.
360 3473 402 3519 est
423 3465 505 3519 nobis
527 3464 607 3518 Prior
627 3464 662 3519 de
685 3464 857 3518 Bemewelle
878 3466 954 3534 quod
975 3465 1120 3534 Johannes
1142 3465 1178 3521 de
1201 3467 1342 3537 Burdelay
1363 3467 1464 3522 iniuste

196 3532 294 3624 {ffl‘
306 3582 347 3624 tte
360 3551 571 3624 superonerauit
584 3563 729 3622 pasturam
742 3553 778 3606 de
792 3553 984 3622 Maddingele,
997 3571 1177 3610 communem
1192 3573 1282 3624 suam,
1295 3557 1335 3611 ita
1346 3557 1423 3628 quod
1435 3557 1464 3631 in

197 3633 253 3725 {22⁰
263 3632 326 3675 have
360 3658 394 3696 ea
418 3642 499 3710 plura
521 3651 586 3695 sunt
610 3640 745 3695 animalia
766 3649 794 3694 et
814 3657 917 3710 pecora
937 3658 1024 3713 quam
1044 3643 1149 3696 habere
1168 3642 1254 3698 debet
1273 3654 1301 3698 et
1319 3645 1357 3699 ad
1371 3645 1464 3716 ipsum

285 3735 302 3786 i.
317 3755 348 3800 44
360 3729 480 3802 pertinet
492 3725 687 3799 [habendum]
716 3727 785 3782 Ideo
795 3728 847 3781 tibi
859 3727 1029 3798 precipimus
1039 3729 1116 3799 quod
1129 3729 1201 3786 iuste
1213 3742 1242 3785 et
1254 3732 1315 3786 sine
1325 3733 1465 3788 dilacione

197 3825 335 3906 ⁸2¹frffr⁰e⁰or
361 3815 535 3871 emensurari
553 3815 641 3869 facias
654 3825 799 3885 pasturam
817 3814 902 3884 illam,
920 3814 959 3871 ita
979 3817 1055 3887 quod
1077 3817 1220 3886 predictus
1241 3819 1386 3888 Johannes
1406 3837 1464 3874 non

197 3876 344 3966 &aarum
360 3905 464 3960 habeat
477 3905 557 3974 plura
568 3903 703 3958 animalia
716 3904 744 3958 in
756 3921 790 3958 ea
801 3913 831 3958 et
842 3920 946 3974 pecora
955 3920 1040 3973 quam
1050 3905 1155 3960 habere
1164 3895 1249 3960 debet
1260 3917 1288 3960 et
1300 3904 1362 3978 [ad]
1371 3909 1465 3978 ipsum

197 3964 337 4056 pampus,
361 3991 481 4062 pertinet
496 3990 659 4046 habendum
673 3991 828 4045 secundum
844 3991 964 4046 liberum
982 4002 1175 4047 tenementum
1187 4009 1270 4046 suum
1286 3995 1363 4064 quod
1379 3996 1465 4051 habet

198 4065 321 4157 ssjgfffln
361 4079 390 4133 in
413 4080 513 4134 eadem
537 4080 621 4146 villa;
648 4090 675 4134 et
696 4079 771 4150 quod
791 4080 936 4150 predictus
957 4081 1035 4135 Prior
1053 4081 1158 4136 habeat
1176 4080 1205 4134 in
1224 4091 1340 4152 pastura
1357 4083 1406 4137 illa
1423 4093 1466 4138 tot

197 4165 303 4258 &²33¹
311 4163 336 4206 ⁰¹
362 4167 496 4222 animalia
513 4177 539 4221 et
552 4183 654 4236 pecora
666 4178 735 4237 quot
749 4167 855 4221 habere
868 4167 960 4233 debet,
974 4178 1001 4222 et
1014 4168 1051 4222 ad
1063 4169 1157 4237 ipsum
1169 4167 1289 4239 pertinet
1301 4169 1466 4225 habendum

197 4265 273 4308 trem
363 4256 518 4311 secundum
537 4255 654 4310 liberum
673 4265 866 4310 tenementum
884 4271 965 4310 suum
984 4256 1061 4325 quod
1079 4255 1165 4310 habet
1184 4256 1213 4308 in
1230 4255 1330 4310 eadem
1342 4257 1416 4324 villa,
1431 4275 1466 4312 ne

198 4321 312 4467 ἷξοᾜῧ,
363 4344 429 4398 inde
454 4343 606 4396 clamorem
630 4343 731 4396 audias
755 4359 806 4411 pro
831 4341 942 4397 deiectu
966 4341 1084 4410 justicie.
1122 4345 1208 4397 Teste
1232 4359 1279 4396 me
1303 4344 1366 4414 ipso
1389 4347 1467 4415 apud

200 4426 264 4468 ¹²⁷⁰·
362 4429 647 4486 Westmonasterium
665 4449 717 4483 .xx.
737 4430 783 4484 die
802 4429 867 4499 Julij
886 4447 963 4484 anno
980 4431 1059 4500 regni
1077 4432 1166 4485 nostri
1184 4431 1213 4485 1⁰.
1233 4431 1292 4500 iiij⁰.
