3234 5059
341 352 409 425 174
572 333 753 431 Vzcaruge
778 333 826 430 of
847 333 1014 406 Guz'ldcn
1039 333 1201 408 Mordere
1321 332 1442 432 [Boon

169 530 310 624 ffpgmws
335 539 444 583 coram
463 520 582 602 quibus
598 541 642 584 ex
659 529 753 604 parte
771 519 890 584 Prioris
905 528 939 583 et
957 518 1151 584 Conuentus
1167 517 1228 582 suit
1242 518 1442 602 excipiendo

168 631 296 733 {mppr-
335 623 553 707 propositum,
579 623 670 707 quod
699 623 813 707 porcio
839 623 942 706 ipsius
969 622 1089 685 vicarie
1112 642 1171 704 per
1192 621 1441 686 ordinacionem

169 731 320 833 gffim
334 729 481 811 episcopi
510 727 664 810 Elyensis
691 729 757 792 iam
784 726 913 791 dudum
938 725 1000 790 suit
1025 726 1196 810 assignata
1217 725 1306 789 vnde
1328 725 1440 788 vicarii

169 832 297 925 {mm
335 842 472 915 possent
495 833 672 896 commode
698 831 877 894 sustentari
902 831 934 893 in
958 830 1031 913 ipsa
1053 829 1193 894 ecclesia
1216 830 1442 905 ministraturi,

333 944 480 1026 capitulo
518 944 655 1026 Elyensi
693 943 726 1008 id
764 943 974 1026 approbante
1011 953 1072 1006 etc.
1118 943 1261 1008 Predicti
1292 943 1442 1025 magistri

335 1047 482 1132 S[imon]
497 1059 531 1112 et
549 1047 784 1133 R[eginaldus]
799 1048 1040 1132 excepcionem
1052 1048 1144 1112 illam
1156 1047 1272 1113 audire
1283 1048 1443 1126 nolentes,

333 1153 572 1218 ordinauerunt
582 1153 672 1237 quod
689 1152 798 1217 dictus
815 1153 924 1216 Lucas
940 1152 1087 1216 decimas
1098 1151 1248 1216 omnium
1260 1151 1440 1216 crostarum

333 1257 376 1321 de
413 1257 586 1335 Mordone,
616 1267 669 1320 et.
680 1256 692 1340 j
706 1307 712 1320 .
726 1276 872 1320 marcam
912 1257 955 1320 de
988 1255 1154 1338 Odeseye,
1182 1267 1217 1320 et
1247 1257 1441 1339 pensionem

334 1381 448 1426 suam.
459 1361 611 1444 j.marce
641 1381 742 1444 quam
773 1359 911 1425 reddere
934 1359 1059 1434 debuit,
1082 1370 1116 1424 et
1145 1369 1287 1443 quatuor
1317 1360 1441 1424 solidos

335 1486 395 1548 pro
415 1466 535 1529 domus
555 1463 684 1549 quiet[a
702 1461 930 1547 clamacione],
953 1473 987 1527 et
1005 1463 1080 1528 .xl.
1101 1462 1226 1526 solidos
1246 1463 1289 1527 de
1311 1483 1443 1527 camera

170 1591 304 1635 chennor
336 1568 653 1653 Prioris[haberet]¹.
683 1569 920 1651 Propterquod
933 1568 1021 1633 idem
1033 1568 1126 1632 Prior
1134 1567 1308 1632 dominum
1319 1587 1442 1650 papam

169 1641 308 1744 lilii&
335 1672 555 1757 ap[pellauit]‚
584 1683 618 1737 et
660 1673 852 1755 impetrauit
889 1671 974 1736 inira
1007 1671 1107 1736 breue
1143 1680 1277 1755 tempus
1315 1672 1442 1736 litteras

170 1744 309 1846 wilri.
336 1775 462 1840 domini
487 1797 574 1861 pape
600 1775 701 1840 Priori
727 1776 843 1841 Sancti
871 1775 960 1839 Petri
984 1777 1027 1841 de
1052 1775 1243 1859 Gipewyco,
1266 1777 1323 1861 qui
1345 1775 1443 1840 dietis

337 1881 503 1964 magistris
519 1902 560 1946 ne
576 1880 794 1964 procederent
810 1881 962 1958 inhibuit,
976 1890 1011 1945 et
1026 1879 1151 1944 factum
1168 1901 1281 1944 eorum
1303 1881 1443 1946 irritauit

336 1993 407 2061 etc,
433 1993 466 2048 et
492 2004 604 2048 coram
631 2005 673 2049 eo
699 1983 827 2049 dictum
859 1985 986 2047 Lucam
1017 1984 1108 2067 apud
1137 1983 1334 2067 Gipwycum
1365 1984 1442 2049 lecit

336 2088 475 2152 euocari.
522 2088 618 2152 Idem
655 2109 735 2152 uero
773 2089 892 2164 Lucas,
923 2097 999 2171 post
1036 2087 1160 2152 multas
1196 2088 1443 2172 disputaciones

336 2193 454 2256 uidens
484 2213 519 2256 se
549 2192 649 2256 nichil
680 2213 778 2276 posse
815 2193 849 2255 in
880 2192 944 2256 hac
980 2202 1076 2275 parte
1112 2191 1276 2275 profitere,
1306 2193 1442 2258 tandem

336 2295 504 2358 mediante
531 2295 765 2359 archidiacono
786 2295 926 2376 Elyensi
948 2305 982 2359 et
1003 2297 1164 2378 magistro
1185 2295 1309 2378 Egidio
1332 2297 1442 2360 Filliol

336 2399 426 2463 misit
441 2420 477 2462 se
492 2399 525 2462 in
541 2401 653 2482 gracia
670 2399 797 2472 Prioris,
813 2409 847 2464 et
864 2399 1071 2464 renunciauit
1086 2400 1242 2464 omnibus
1257 2400 1443 2485 impetratis

334 2511 369 2567 et
385 2502 612 2585 impetrandis,
627 2511 661 2567 et
677 2502 754 2567 inde
770 2501 848 2568 iecit
863 2503 1121 2567 instrumentum
1134 2525 1141 2580 ;
1163 2513 1198 2567 et
1211 2503 1304 2567 Prior
1316 2504 1442 2569 dimisit

336 2605 366 2670 ei
376 2656 383 2670 .
394 2605 430 2669 xl
441 2656 448 2671 .
461 2627 589 2670 marcas
611 2607 643 2670 in
659 2606 780 2690 quibus
796 2616 867 2672 erat
882 2607 1150 2691 condempnatus
1166 2608 1302 2673 nomine
1316 2630 1443 2692 expen-

336 2728 456 2773 sarum.

171 2825 298 2870 Actiones
403 2811 586 2894 Septennio
607 2813 742 2896 quidem
763 2813 879 2896 elapso
900 2812 1000 2878 irater
1019 2812 1219 2898 J[ohannes]
1240 2816 1284 2879 de
1301 2815 1443 2880 Pecham

185 2877 234 2919 ohn
242 2877 272 2920 de

171 2927 290 3020 Aergpm,
338 2915 618 2999 Archiepiscopus
639 2917 888 2982 Cantuariensis
908 2917 951 2981 de
972 2916 1087 2981 ordine
1109 2917 1274 2982 minorum
1296 2919 1444 2983 visitauit

172 3027 301 3120 ἓξὲξ-οἰ
338 3020 509 3103 dyocesim
540 3022 730 3103 Elyensem.
787 3021 884 3085 Tunc
914 3021 1003 3086 idem
1036 3021 1144 3086 Lucas
1174 3042 1286 3086 coram
1317 3022 1444 3087 clericis

171 3129 324 3230 32:353&
338 3125 576 3209 archiepiscopi
598 3145 787 3208 processum
808 3146 907 3189 suum
926 3126 1045 3191 iterato
1066 3127 1213 3208 proiecit,
1227 3137 1345 3210 petens
1364 3147 1444 3209 aug·

339 3230 583 3304 mentacionem
604 3229 724 3294 vicarie
746 3250 805 3294 sue
826 3250 928 3312 quam
944 3230 1213 3313 archiepiscopus
1230 3230 1398 3294 Robertus
1413 3233 1443 3294 ei

337 3333 542 3398 adiudicauit
564 3333 683 3397 iterum
705 3333 768 3398 sibi
794 3333 942 3397 concedi.
987 3331 1079 3414 Quot
1103 3333 1242 3409 labores,
1263 3335 1445 3417 angustias,

337 3456 513 3519 expensas,
535 3447 569 3502 et
592 3437 802 3513 uexaciones,
828 3437 920 3500 Prior
941 3446 976 3500 et
998 3436 1149 3500 canonici
1172 3437 1297 3501 exinde
1323 3439 1445 3502 sustin-

338 3551 466 3617 uerunt,
491 3561 559 3604 non
585 3551 696 3624 potest
723 3541 833 3605 uerbis
857 3542 972 3624 paucis
997 3541 1167 3624 explicari.
1214 3541 1303 3605 Nam
1330 3542 1444 3607 statim

337 3645 399 3710 suit
421 3645 513 3709 Prior
532 3645 654 3709 citatus
676 3645 767 3728 quod
788 3655 996 3727 compareret
1015 3644 1059 3708 ad
1080 3655 1207 3708 certum
1226 3645 1316 3709 diem
1332 3665 1443 3710 coram
1478 3631 1480 3635 ’

336 3749 593 3832 archiepiscopo,
615 3747 816 3830 ubicumque
838 3757 927 3811 esset
949 3747 982 3810 in
1010 3748 1183 3831 prouincia
1206 3748 1446 3828 Cantuariensi,

336 3853 379 3917 ad
418 3851 687 3936 respondendum
725 3870 828 3932 quare
865 3859 927 3913 etc.
970 3850 1067 3914 Tunc
1097 3849 1234 3933 quidam
1265 3852 1445 3915 canonicus

336 3979 413 4023 cum
435 3959 602 4023 aduocato
627 3977 689 4020 suo
715 3955 919 4040 sequebatur
939 3957 1063 4019 curiam
1087 3955 1327 4038 archiepiscopi
1353 3956 1445 4039 apud

338 4061 504 4125 Mortelalr
530 4071 565 4125 et
591 4060 624 4123 in
652 4069 763 4142 partes
791 4057 1020 4136 Gloucestrie;
1055 4058 1139 4122 alius
1162 4059 1342 4122 canonicus
1367 4080 1442 4124 curn

337 4165 503 4228 aduocato
528 4185 589 4228 suo
613 4162 703 4246 apud
729 4161 963 4246 Gypwycum;
998 4163 1119 4225 tercius
1145 4162 1326 4227 canonieus
1352 4166 1444 4247 apud

546 4377 555 4412 ¹
573 4380 650 4431 Some
661 4377 744 4428 words
754 4377 819 4428 have
830 4377 958 4442 evidently
969 4376 1034 4427 been
1044 4376 1150 4427 omitted
1163 4376 1231 4427 here,
