3234 5059
354 335 421 406 132
618 310 694 384 Tlte
719 310 829 385 house
855 311 901 408 os
927 311 1086 386 Thomas
1119 312 1204 409 Tyd
1332 308 1454 413 [soon

404 552 452 618 51.
496 536 547 602 De
562 537 696 620 placitis
711 547 787 619 post
808 537 1047 602 itineracrbnem
1068 538 1108 601 de
1128 538 1220 602 doato
1242 537 1408 620 Magrktri

645 641 761 705 Tlrome
782 642 822 704 de
848 641 923 724 Tyd
933 655 996 726 per
1015 665 1169 724 assysam.

187 812 339 914 gamem
417 795 673 860 Memorandum
704 798 794 879 quod
826 817 902 860 cum
934 798 1093 880 magister
1123 797 1273 861 Thomas
1302 797 1345 861 de
1379 796 1456 880 Tyd

187 911 329 1005 mee-⁸¹0³
350 901 488 965 domum
512 921 607 964 suam
630 921 731 984 quam
755 901 966 966 inhabitabat
988 901 1021 964 in
1046 902 1203 984 parochia
1224 903 1329 966 sancti
1352 902 1456 965 Bene·

187 1011 302 1106 3223}
351 1005 431 1069 dicti
453 1004 668 1086 Cantabrigie
690 1004 893 1068 existentem
916 1004 1012 1068 nobis
1033 1004 1238 1080 contulisset,
1253 1005 1390 1088 quidam
1412 1025 1455 1067 ex

187 1113 315 1206 3223·ss
350 1118 445 1193 parte
474 1108 600 1171 domini
633 1107 756 1190 Rogeri
787 1107 831 1170 de
861 1108 1083 1191 Trumpitone
1114 1118 1245 1172 nostros
1275 1110 1456 1173 seruientes

188 1213 285 1306 {¹2⁸¹1·
350 1214 517 1277 eiecerunt
529 1213 571 1276 de
587 1213 705 1276 eadem
717 1213 829 1290 domo,
844 1222 879 1276 et
892 1233 951 1276 nos
967 1212 1237 1295 disseysiuerunt.
1271 1213 1457 1297 impetrato

188 1276 285 1414 23⁶5·
351 1337 429 1380 vero
445 1315 538 1379 breui
555 1315 597 1379 de
614 1335 702 1379 noua
725 1315 925 1398 disseysyna
945 1336 1058 1379 coram
1078 1315 1238 1397 magistro
1260 1316 1394 1398 Rogero
1414 1316 1456 1379 de

188 1425 243 1467 ¹²⁷³
287 1395 293 1414 ’
352 1421 502 1502 Seytone
517 1421 550 1483 in
567 1421 712 1484 crastino
727 1429 842 1484 sancte
857 1420 989 1503 Juliane
1006 1420 1155 1503 virginis¹
1179 1420 1338 1484 dixerunt
1359 1421 1456 1484 iurati

350 1523 440 1604 quod
468 1522 633 1603 disseysiti
658 1521 788 1586 suimus,
835 1520 938 1587 Unde
968 1523 1236 1605 recuperauimus
1266 1543 1455 1604 seysynam.

352 1625 515 1709 Requisiti
539 1647 617 1689 vero
639 1626 719 1708 quid
744 1626 823 1689 iuris
844 1625 1022 1690 habuimus
1043 1626 1076 1688 in
1092 1625 1182 1690 dicta
1198 1625 1309 1703 domo,
1325 1636 1360 1690 et
1375 1628 1453 1710 quid

350 1731 479 1813 seruicij
517 1730 591 1811 alijs
626 1730 704 1794 inde
739 1729 933 1807 debebatur,
969 1730 1130 1794 dixerunt
1168 1733 1258 1814 quod
1297 1732 1457 1814 magister

350 1834 499 1898 Thomas
530 1837 572 1898 de
602 1834 680 1916 Tyd
710 1836 920 1918 comparauit
949 1834 1042 1899 illam
1073 1836 1213 1900 domum
1243 1836 1287 1899 de
1318 1836 1455 1900 Herueo

350 1937 516 2022 Gogging,
553 1937 724 2002 reddendo
761 1939 871 2002 eidem
908 1959 1010 2003 vnum
1048 1938 1185 2003 obolum
1228 1959 1376 2004 annuum
1422 1950 1456 2004 et

351 2042 550 2106 monialibus
573 2052 687 2106 sancte
711 2042 930 2126 Radegundis
953 2051 1097 2125 quatuor
1120 2043 1254 2108 solidos.
1301 2044 1455 2109 Herueus

350 2168 429 2211 uero
444 2147 525 2210 emit
541 2145 682 2210 eandem
699 2147 838 2210 domum
855 2146 898 2210 de
915 2149 1074 2229 magistro
1090 2146 1204 2211 Adam
1217 2147 1261 2210 de
1273 2147 1456 2222 Scheiford

350 2250 521 2314 reddendo
551 2251 580 2312 ei
610 2251 783 2314 annuatim
814 2271 916 2314 vnum
947 2250 1128 2314 denarium.
1185 2253 1347 2334 Magister
1378 2273 1456 2316 vero

350 2352 492 2437 A[dam]
510 2353 627 2417 habuit
651 2354 792 2418 eandem
815 2355 953 2418 domurn
974 2357 1017 2418 de
1038 2354 1128 2418 dono
1147 2355 1274 2419 domini
1292 2355 1454 2419 Eborardi

274 2461 290 2512 s·
304 2479 337 2528 49
350 2456 392 2520 de
422 2456 651 2539 Trumpitone.
699 2458 862 2540 Requisiti
893 2459 920 2521 si
952 2458 1031 2540 quid
1068 2458 1197 2541 seruicij
1228 2461 1330 2522 annui
1366 2459 1454 2523 idem

351 2561 573 2644 E[b0rardus]
605 2562 682 2626 inde
713 2564 837 2646 recepit
872 2562 1032 2626 dixerunt
1066 2563 1155 2646 quod
1193 2584 1254 2628 nec
1290 2565 1360 2646 ipse
1395 2585 1455 2628 nec

349 2663 487 2727 heredes
508 2665 558 2727 sui
580 2665 705 2748 aliquid
727 2666 805 2730 inde
827 2677 1028 2749 receperunt.
1075 2666 1201 2730 Actum
1222 2667 1312 2750 apud
1334 2668 1455 2733 Cante-

349 2767 489 2850 brigiam
506 2769 560 2832 die
576 2778 753 2852 prenotato
769 2790 858 2833 anno
875 2771 967 2854 regni
984 2771 1069 2853 regis
1088 2769 1273 2854 E[dwardi]
1292 2769 1351 2852 filij
1369 2773 1455 2854 regis

352 2871 489 2935 Henrici
506 2873 622 2955 primo,

382 3112 430 3179 52.
475 3099 527 3163 De
548 3100 690 3163 dimidia
713 3099 846 3184 virgata
869 3110 952 3164 terre
971 3123 1071 3184 quam
1093 3103 1201 3186 Roger
1220 3101 1365 3166 vr'carius
1385 3101 1424 3164 de

494 3203 630 3268 anne
651 3203 815 3267 renuitae
835 3200 964 3268 domino
989 3205 1160 3291 milhma]
1182 3206 1305 3270 Pecclrc.

418 3361 676 3426 Memorandum
700 3363 790 3444 quod
819 3363 852 3424 in
878 3361 963 3424 festo
987 3362 1172 3425 natiuitatis
1195 3362 1295 3426 beate
1319 3361 1455 3443 virginis

352 3465 459 3528 Marie
500 3487 589 3530 anno
633 3466 760 3530 domini
780 3466 1183 3549 .m⁰.cc⁰.lxx⁰.quinto
1224 3465 1318 3530 dedit
1359 3465 1455 3529 nobis

190 3583 256 3624 How
265 3581 330 3624 their
351 3567 506 3632 dominus
527 3568 696 3633 Gilbertus
719 3569 846 3632 Pecche
869 3590 970 3633 vnam
991 3569 1165 3633 dimidiam
1186 3570 1351 3652 virgatam
1370 3579 1455 3633 terre

188 3638 284 3774 {2¹3}
351 3671 384 3733 in
408 3671 486 3735 villa
509 3682 543 3735 et
565 3673 597 3735 in
622 3673 750 3755 campis
773 3672 817 3736 de
840 3672 983 3749 Brunne,
1006 3693 1107 3754 quarn
1138 3672 1319 3755 aliquando
1349 3672 1456 3735 tenuit

188 3783 329 3875 ggotg'the
351 3775 507 3838 dominus
532 3776 684 3857 Rogerus
707 3775 848 3839 vicarius
872 3777 914 3838 de
936 3775 1063 3851 eadem,
1088 3786 1121 3839 et
1144 3775 1282 3838 domino
1305 3774 1455 3839 Gilberto

187 3882 321 3985 35¹2:th
350 3879 500 3961 quietum
523 3878 682 3943 clamauit
704 3879 745 3941 ad
771 3899 856 3961 opus
878 3887 1029 3941 nostrum
1056 3898 1116 3962 pro
1143 3878 1275 3942 duobus
1298 3875 1455 3958 corredijs

189 4035 282 4084 eoum,
293 4033 330 4076 for
352 4004 416 4066 que
432 3984 461 4046 ei
474 3985 697 4047 concessimus
710 3985 751 4047 ad
765 3982 880 4067 [opus]
893 4005 988 4047 suum
1004 3994 1212 4067 perpetuum,
1223 3983 1348 4047 scilicet
1360 3983 1456 4046 vnius

187 4097 301 4177 iiiam
351 4087 501 4151 canonici
525 4097 559 4150 et
581 4088 677 4151 vnius
701 4087 793 4151 liberi
817 4087 999 4164 seruientis,
1022 4097 1056 4152 et
1079 4087 1264 4172 hospicium
1288 4086 1351 4150 sibi
1377 4107 1455 4151 con·

187 4185 314 4279 ζξὲῑξξῗ·
351 4213 470 4275 gruum
488 4191 572 4257 inira
588 4193 712 4256 curiam
729 4202 877 4256 nostram
889 4192 932 4256 de
946 4191 1155 4257 Bernewelle.
1194 4192 1257 4255 Pro
1269 4192 1455 4256 donacione

187 4286 319 4329 reminton

187 4336 216 4378 of
225 4337 295 4390 eight
830 4353 840 4386 1
859 4370 889 4406 22
902 4356 971 4419 May·
