3234 5059
347 363 415 449 156
515 357 655 432 Acirim
674 358 714 432 in
730 367 865 455 respect
878 359 927 456 of
934 356 1030 432 land
1040 368 1082 432 al
1098 355 1275 432 Hinxton
1325 354 1445 454 [BOOK

175 549 314 652 {gggcwrt
405 543 505 626 Quod
518 544 636 607 uidens
652 544 744 606 Prior
760 543 861 626 pecijt
877 543 1048 607 licenciam
1061 543 1220 626 querendi
1233 542 1324 606 aliud
1336 542 1445 615 breue,

175 650 278 742 gfflgg
339 657 372 710 et
388 649 550 730 optinuit;
566 649 678 730 sicque
694 650 800 712 euasit
815 649 907 711 Prior
921 659 1027 724 caute,
1039 658 1073 711 et
1089 647 1230 710 nonfuit
1245 648 1443 710 amerciatus

173 748 246 841 {¹1¹3
250 751 297 842 ξξζ
339 749 395 812 illa
420 753 501 826 uice,
526 752 683 834 misitque
707 754 821 816 statim
846 753 889 815 ad
916 753 1050 829 curiam,
1077 762 1110 815 et
1137 752 1329 834 impetrauit
1352 749 1442 814 aliud

174 849 311 952 ffi‘fflf
339 855 438 918 breue
455 856 525 919 sine
543 855 605 919 hac
626 856 721 919 litera
741 855 771 920 d.
818 856 918 939 Quod
941 866 978 919 ut
993 855 1151 937 cognouit
1172 856 1204 918 N
1208 854 1335 937 igellus‚
1352 855 1443 917 uenit

172 949 292 1064 iugffst*
339 978 415 1021 cum
431 959 571 1022 consilio
585 979 646 1021 suo
662 959 705 1022 ad
724 960 881 1033 Priorem,
896 957 1010 1022 dicens
1031 978 1067 1021 se
1087 958 1176 1020 nolle
1192 958 1350 1040 placitare
1365 978 1441 1021 cum

339 1185 421 1248 pace
435 1175 497 1230 etc

382 1426 432 1492 77.
477 1411 642 1476 Placitum
665 1423 775 1476 contra
798 1414 961 1496 Rogemm
983 1412 1151 1476 Barbedor
1170 1413 1209 1475 de
1231 1411 1406 1476 Henxtone.

173 1571 291 1672 {5¹¹1}ssssss
404 1565 592 1630 Willelmus
615 1566 785 1631 Barbedor
800 1567 924 1649 recepit
940 1566 1121 1649 aliquando
1137 1586 1157 1628 a
1174 1565 1285 1629 Priore
1300 1575 1334 1628 et
1355 1564 1442 1628 Con-

174 1671 301 1764 ffffif
339 1679 440 1734 uentu
462 1671 504 1733 de
526 1669 726 1732 Bernewelle
748 1671 791 1732 ad
816 1669 994 1732 terminum
1018 1671 1086 1731 uite
1108 1689 1167 1730 sue
1190 1678 1224 1731 et
1246 1668 1362 1731 uxoris
1384 1687 1442 1730 sue

174 1772 295 1864 {225⁹}ss
337 1783 444 1837 totam
466 1782 587 1836 terram
609 1792 711 1854 quam
733 1775 795 1855 ipsi
819 1774 911 1836 Prior
931 1783 965 1835 et
986 1771 1180 1836 Conuentus
1196 1772 1384 1835 habuerunt
1406 1772 1440 1833 in

174 1871 314 1964 {ggffiff
338 1879 464 1959 campis
491 1879 534 1940 de
560 1876 745 1940 Henxtone
773 1898 834 1959 pro
854 1897 920 1959 qua
939 1876 1033 1939 dedit
1053 1876 1101 1938 eis
1123 1895 1280 1956 magnam
1301 1875 1441 1956 pecunie

174 1971 288 2064 {l‘f'fflffh‘
337 2001 503 2045 summam
534 2002 592 2064 pre
622 1981 784 2044 manibus.
833 1980 1000 2044 Deluncta
1031 1983 1121 2062 prius
1152 1999 1257 2041 uxore
1287 1989 1320 2042 et
1351 1988 1441 2062 post-

338 2088 475 2150 modum
492 2087 611 2149 eodem
628 2084 807 2160 willelmo,
823 2087 980 2148 successit
996 2086 1026 2148 ei
1042 2085 1075 2146 in
1091 2083 1311 2146 hereditatem
1330 2082 1442 2164 Roger

339 2190 508 2254 Barbedor
530 2199 704 2271 tamquam
726 2187 813 2251 lilius
828 2199 862 2252 et
883 2188 986 2264 heres,
1002 2189 1246 2270 primogenitus
1264 2187 1353 2250 enim
1370 2188 1441 2250 eius

337 2296 471 2357 nomine
503 2291 688 2354 Willelmus
718 2293 885 2372 ingressus
914 2301 986 2354 erat
1016 2291 1218 2372 religionem.
1275 2290 1440 2371 Verump-

338 2407 449 2462 tamen
478 2397 521 2459 ad
553 2396 699 2458 Priorem
726 2405 760 2458 et
788 2394 1001 2459 Conuentum
1028 2405 1105 2478 post
1132 2405 1273 2457 mortem
1301 2394 1440 2475 predicti

338 2499 527 2585 W[illelmi]
555 2500 725 2564 Barbedor
747 2510 781 2563 et
808 2500 922 2563 uxoris
949 2521 1008 2563 sue
1032 2500 1129 2562 rediit
1155 2508 1228 2562 tota
1254 2508 1341 2561 terra
1364 2519 1439 2561 cum

337 2604 550 2688 pertinencijs
573 2625 674 2687 quam
700 2615 878 2668 tenuerunt
908 2606 950 2668 ad
982 2605 1160 2666 terminum
1191 2603 1261 2664 uite
1287 2622 1353 2664 sue.
1400 2601 1440 2664 In

338 2712 453 2774 itinere
470 2730 547 2772 uero
561 2709 819 2790 justiciariorum
832 2709 1023 2791 impetrauit
1039 2708 1129 2770 idem
1143 2705 1255 2787 Roger
1270 2705 1441 2768 Barbedor

338 2817 438 2878 breue
459 2816 503 2877 de
524 2824 631 2876 morte
647 2815 865 2876 antecessoris
880 2824 997 2876 contra
1014 2813 1169 2888 Priorem,
1184 2830 1335 2873 asserens
1349 2811 1440 2892 quod

339 2921 430 2983 Prior
445 2919 673 3002 appropriauit
688 2919 750 2982 sibi
772 2920 918 3000 quinque
939 2937 1032 2980 acras
1054 2927 1139 2980 terre
1154 2926 1188 2978 et
1208 2915 1382 2978 dimidiam
1398 2916 1441 2977 de

336 3035 423 3087 terra
439 3024 542 3106 patris
558 3024 608 3085 sui
624 3033 686 3086 etc.

402 3265 451 3343 78.
498 3259 691 3325 irrotulacrh
713 3259 753 3321 de
773 3279 885 3340 assysa
905 3270 998 3342 capta
1018 3269 1049 3322 et
1069 3279 1178 3322 eorum
1199 3258 1376 3324 ueredr'ctol

176 3425 308 3469 uecordes
389 3418 498 3486 Assysa
522 3413 599 3470 uenit
623 3412 801 3482 recognitura
825 3413 849 3467 si
874 3413 1033 3469 Willelmus
1060 3413 1204 3467 Barbedor
1227 3424 1308 3483 pater
1336 3414 1440 3482 Rogeri

172 3477 315 3519 rheumae.
339 3505 483 3560 Barbedor
500 3503 551 3558 suit
570 3503 690 3574 seysitus
708 3501 737 3556 in
753 3503 896 3556 dominico
914 3521 966 3557 suo
985 3513 1016 3556 ut
1033 3503 1068 3556 de
1085 3501 1169 3556 feodo
1181 3503 1217 3556 de
1228 3501 1352 3572 quinque
1368 3501 1441 3556 acris

337 3606 409 3650 terre
422 3603 450 3647 et
462 3591 581 3647 dimidia
593 3610 658 3646 cum
671 3591 852 3661 pertinenciis
865 3590 893 3645 in
908 3588 1076 3646 Henxtone²
1085 3591 1132 3644 die
1144 3607 1200 3660 quo
1212 3601 1265 3644 etc.
1291 3589 1329 3642 Et
1343 3589 1366 3644 si
1376 3601 1445 3658 etc.,·

337 3699 407 3752 quas
425 3682 505 3736 Prior
517 3681 553 3736 de
572 3682 742 3738 Bemewelle
755 3691 840 3747 tenet,
854 3691 885 3734 ut
897 3682 933 3735 de
950 3680 1042 3735 feodo.
1081 3680 1137 3750 Qui
1150 3680 1229 3735 uenit
1241 3689 1269 3734 et
1282 3679 1439 3750 dicitquod

337 3771 429 3824 dictus
441 3769 609 3836 Willelmus,
624 3770 659 3824 de
675 3769 754 3824 cuius
771 3780 862 3824 morte
877 3780 939 3838 etc,
952 3787 1010 3825 non
1028 3769 1098 3839 obijt
1115 3770 1236 3837 seysitus
1253 3768 1288 3822 de
1305 3768 1440 3837 predictis

336 3857 505 3912 tenementis
529 3857 559 3911 in
584 3857 727 3912 dominico
749 3874 801 3911 suo
825 3868 856 3912 ut
880 3860 916 3914 de
937 3859 1029 3914 feodo.
1067 3857 1145 3913 Dicit
1169 3858 1245 3911 enim
1266 3858 1344 3927 quod
1363 3857 1439 3911 idem

336 3946 496 4000 Willelmus
513 3944 599 3998 nichil
615 3944 714 4000 habuit
733 3944 762 3999 in
779 3946 887 4001 eisdem
903 3947 1073 4002 tenementis
1088 3945 1143 4000 nisi
1159 3947 1196 4000 ad
1212 3946 1364 4000 terminum
1381 3945 1439 4000 uite

337 4046 448 4091 tantum
466 4033 513 4106 [ex
534 4035 699 4090 dimissione
718 4037 805 4107 ipsius
829 4033 951 4106 PriorisJ.
991 4037 1068 4090 Dicit
1087 4035 1179 4091 eciam
1199 4035 1275 4105 quod
1296 4034 1439 4104 predictus

385 4174 394 4206 ¹
412 4175 474 4224 This
494 4175 580 4224 record
600 4174 621 4224 is
641 4175 665 4224 in
687 4175 729 4224 the
748 4173 833 4222 Assiae
854 4172 922 4229 Roll,
944 4173 994 4221 No.
1015 4170 1055 4232 86,
1077 4173 1182 4222 membr.
1206 4187 1246 4229 ης
1265 4171 1316 4221 and
1333 4189 1348 4221 a
1364 4188 1437 4237 copy,

337 4259 452 4323 diilering
466 4275 482 4306 a
496 4257 563 4322 good
579 4259 643 4315 deal.
657 4273 742 4308 occurs
757 4272 790 4305 on
806 4256 910 4305 membr.
926 4271 965 4319 23.
983 4256 1007 4305 d.
1042 4255 1099 4304 The
1113 4255 1196 4304 words
1212 4254 1358 4304 introduced
1375 4253 1439 4303 from

336 4341 386 4389 this
397 4341 488 4389 second
502 4339 597 4390 version
609 4341 672 4388 have
683 4339 746 4388 been
757 4337 938 4401 distinguished
949 4336 984 4401 by
994 4352 1083 4403 square
1091 4336 1214 4386 brackets.

385 4421 396 4452 ²
412 4422 467 4472 The
481 4422 540 4471 Roll
551 4422 622 4471 reads
635 4421 770 4485 Hyngston
782 4419 896 4484 (membr.
914 4420 963 4481 ιι),
976 4420 1019 4470 ie.
1035 4419 1159 4468 Hinxton.
