3234 5059
328 331 399 421 284
643 332 680 404 T
674 341 805 407 enanis
832 332 873 405 in
902 330 1122 431 Cambn'dge
1308 332 1429 433 [Boou

389 516 577 583 Willelmus
601 518 713 583 Pittok
737 528 830 583 tenet
851 539 954 582 vnum
981 518 1188 601 mesuagium
1214 519 1248 583 in
1271 518 1430 602 parochia

324 620 439 685 Sancti
463 621 646 687 Clementis
668 623 700 685 in
723 621 848 705 angulo
868 622 966 686 iuxta
986 632 1134 704 pontem,
1148 630 1184 686 et
1204 621 1315 687 reddit
1330 621 1429 704 ‚xijat

326 723 436 789 Debet
452 724 587 789 obolum
605 725 648 790 ad
664 725 878 810 hagabulum.

390 827 580 893 Willelmus
603 829 727 895 Seman
751 839 845 893 tenet
864 850 967 893 vnum
991 830 1197 913 mesuagium
1219 830 1253 893 in
1272 830 1431 914 parochia

326 930 441 997 Sancti
458 931 622 1014 Johannis
644 933 676 997 in
699 933 918 1016 Strawylane,
933 942 967 998 et
984 933 1093 998 reddit
1109 954 1168 1017 per
1183 954 1308 998 annum
1329 934 1430 1017 .xij.d.

392 1035 487 1101 Idem
518 1035 706 1100 Willelmus
741 1046 834 1102 tenet
865 1057 967 1102 vnum
1001 1038 1210 1120 mesuagium
1241 1038 1275 1102 in
1310 1038 1429 1103 eadem

325 1141 482 1224 parochia
506 1162 606 1224 super
628 1142 815 1206 comerium
839 1142 882 1206 de
907 1142 1117 1225 Strawylane
1141 1152 1177 1207 et
1201 1142 1310 1207 reddit
1334 1142 1402 1224 .ijs.

391 1245 500 1309 Alicia
527 1244 703 1310 Godeman
731 1256 823 1310 tenet
848 1268 949 1310 vnum
979 1248 1186 1329 mesuagium
1213 1248 1246 1310 in
1274 1248 1430 1330 parochia

326 1348 440 1415 Sancti
465 1349 646 1415 Clementis
673 1351 769 1414 iuxta
796 1351 1004 1434 mesuagium
1034 1350 1168 1415 Ricardi
1194 1352 1374 1428 Laurence,
1395 1361 1431 1415 et

325 1454 434 1519 reddit
458 1454 557 1538 ‚xijd

390 1557 553 1623 Ricardus
580 1558 750 1622 Laurence
777 1568 870 1624 tenet
897 1579 997 1624 vnam
1023 1561 1162 1626 domum
1191 1560 1224 1623 in
1247 1559 1373 1639 hulm0,
1395 1568 1430 1623 et

325 1661 434 1727 reddit
457 1684 516 1746 per
538 1683 663 1727 annum
687 1662 760 1744 .ij.d.

389 1766 559 1849 Johannes
595 1766 661 1831 But
697 1776 790 1831 tenet
826 1788 927 1832 vnum
965 1768 1175 1853 mesuagium
1209 1770 1242 1833 in
1273 1768 1431 1852 parochia

325 1866 440 1933 Sancti
472 1865 654 1932 Clementis
685 1866 781 1931 iuxta
811 1867 1020 1951 mesuagium
1047 1888 1143 1933 suum
1171 1876 1206 1931 et
1237 1868 1345 1931 reddit
1371 1888 1432 1951 per

324 1989 448 2034 annum
471 1989 534 2034 .v.s.
558 1968 631 2051 .ij.d.

391 2075 487 2139 Idem
518 2072 690 2158 Johannes
720 2084 812 2138 tenet
836 2096 938 2139 vnum
970 2077 1176 2159 mesuagium
1208 2076 1242 2139 in
1273 2075 1431 2157 parochia

326 2180 441 2246 Sancti
466 2179 553 2243 Petri
577 2178 663 2243 vltra
686 2189 834 2261 pontem,
859 2190 893 2244 et
915 2180 1024 2244 reddit
1047 2200 1107 2263 per
1128 2199 1253 2244 annum
1278 2177 1347 2260 .ijs.

233 2286 250 2336 r.
266 2286 309 2339 161
391 2282 555 2347 Ricardus
571 2282 613 2345 de
631 2282 771 2346 Parham
789 2292 881 2347 tenet
891 2304 993 2348 vnum
1006 2284 1215 2367 mesuagium
1227 2282 1260 2345 in
1273 2282 1431 2363 parochia

326 2386 441 2453 Sancti
466 2385 649 2451 Clementis
671 2386 769 2451 iuxta
796 2387 1004 2470 mesuagium
1034 2387 1169 2451 Ricardi
1192 2386 1235 2449 de
1260 2386 1374 2468 Leyk’,
1396 2397 1431 2451 et

325 2491 434 2556 reddit
457 2491 533 2575 .iijs.
558 2502 592 2556 et
614 2490 643 2574 .j.
667 2490 785 2556 libram
814 2490 948 2574 ciminij.

389 2594 557 2660 Walterus
569 2596 611 2659 de
623 2593 778 2677 Horseya
788 2603 882 2659 tenet
892 2614 994 2658 vnum
1007 2594 1214 2677 mesuagium
1228 2594 1260 2658 in
1274 2592 1431 2676 parochia

326 2699 441 2765 Sancti
455 2698 637 2765 Clementis
653 2699 749 2763 iuxta
762 2699 969 2781 mesuagium
983 2700 1064 2762 dicti
1077 2699 1211 2762 Ricardi
1223 2698 1266 2761 de
1279 2697 1431 2774 Parham,

325 2815 359 2868 et
375 2804 484 2869 reddit
499 2804 528 2888 .j.
541 2824 695 2869 marcam.

392 2909 495 2972 Filius
523 2908 712 2992 Margarete
735 2908 778 2971 de
802 2907 892 2972 Aula
916 2918 1007 2972 tenet
1030 2928 1134 2972 vnum
1161 2908 1368 2989 mesuagium
1396 2908 1430 2969 in

326 3015 443 3078 eadem
456 3013 614 3097 parochia
629 3014 725 3076 iuxta
741 3013 949 3096 mesuagium
961 3013 1042 3076 dicti
1055 3012 1194 3076 Walteri
1207 3012 1250 3074 de
1268 3011 1431 3093 Horseya.

325 3130 359 3183 et
375 3119 484 3183 reddit
500 3118 631 3202 arviijd.

392 3224 561 3288 Robertus
590 3221 714 3305 Tuylet
744 3232 839 3287 tenet
868 3241 969 3285 vnam
1004 3220 1178 3303 grangiam
1209 3220 1242 3283 in
1275 3218 1432 3303 parochia

326 3326 487 3393 Omnium
510 3326 710 3392 Sanctorum
732 3327 829 3390 iuxta
851 3324 1036 3403 Barbekan‚
1055 3335 1091 3389 et
1111 3323 1222 3389 reddit
1243 3323 1332 3405 .iiijs.
1347 3322 1432 3405 ΝΜ.

393 3431 558 3496 Henricus
589 3430 713 3512 Tuylet
743 3439 836 3494 tenet
862 3450 962 3494 vnam
993 3429 1169 3513 grangiam
1199 3449 1245 3492 ex
1275 3427 1433 3511 opposito

326 3536 463 3601 ecclesie
490 3536 652 3601 Omnium
680 3535 880 3601 Sanctorum
907 3533 951 3599 ad
982 3534 1148 3611 Castrum,
1173 3543 1207 3598 et
1233 3533 1344 3597 reddit
1373 3553 1434 3616 per

326 3660 450 3705 annum
474 3639 573 3724 ,xij.d.
996 3639 1152 3723 [Summa
1167 3638 1313 3703 xxxix!
1327 3633 1433 3719 ,viij.‘¹]
