<?xml version="1.0" encoding="UTF-8"?>
<!DOCTYPE html PUBLIC "-//W3C//DTD XHTML 1.0 Transitional//EN"
    "http://www.w3.org/TR/xhtml1/DTD/xhtml1-transitional.dtd">
<html xmlns="http://www.w3.org/1999/xhtml" xml:lang="en" lang="en">
 <head>
  <title>
</title>
<meta http-equiv="Content-Type" content="text/html;charset=utf-8" />
  <meta name='ocr-system' content='tesseract 3.04.00' />
  <meta name='ocr-capabilities' content='ocr_page ocr_carea ocr_par ocr_line ocrx_word'/>
</head>
<body>
  <div class='ocr_page' id='page_1' title='image "./libermemorandor00clargoog_0369.png"; bbox 0 0 3234 5059; ppageno 0'>
   <div class='ocr_carea' id='block_1_1' title="bbox 532 349 935 425">
    <p class='ocr_par' dir='ltr' id='par_1_1' title="bbox 532 349 935 425">
     <span class='ocr_line' id='line_1_1' title="bbox 532 349 935 425; baseline -0.005 -1"><span class='ocrx_word' id='word_1_1' title='bbox 532 351 570 424; x_wconf 92' lang='lat' dir='ltr'><em>T</em></span> <span class='ocrx_word' id='word_1_2' title='bbox 564 360 694 425; x_wconf 84' lang='lat' dir='ltr'>enants</span> <span class='ocrx_word' id='word_1_3' title='bbox 720 349 761 423; x_wconf 82' lang='lat' dir='ltr'>in</span> <span class='ocrx_word' id='word_1_4' title='bbox 787 349 935 422; x_wconf 82' lang='lat' dir='ltr'>Barton</span> 
     </span>
    </p>
   </div>
   <div class='ocr_carea' id='block_1_2' title="bbox 511 728 959 816">
    <p class='ocr_par' dir='ltr' id='par_1_2' title="bbox 511 728 959 816">
     <span class='ocr_line' id='line_1_2' title="bbox 511 728 959 816; baseline -0.011 -19"><span class='ocrx_word' id='word_1_5' title='bbox 511 749 562 797; x_wconf 90' lang='lat'>20.</span> <span class='ocrx_word' id='word_1_6' title='bbox 606 731 757 816; x_wconf 76' lang='lat' dir='ltr'>[Bertone</span> <span class='ocrx_word' id='word_1_7' title='bbox 779 728 959 813; x_wconf 85' lang='lat' dir='ltr'>(Barton).]</span> 
     </span>
    </p>
   </div>
   <div class='ocr_carea' id='block_1_3' title="bbox 180 881 1285 1071">
    <p class='ocr_par' dir='ltr' id='par_1_3' title="bbox 180 881 1285 1071">
     <span class='ocr_line' id='line_1_3' title="bbox 245 881 1285 949; baseline -0.006 0"><span class='ocrx_word' id='word_1_8' title='bbox 245 886 304 949; x_wconf 88' lang='lat' dir='ltr'>Isti</span> <span class='ocrx_word' id='word_1_9' title='bbox 343 895 420 949; x_wconf 92' lang='lat' dir='ltr'>sunt</span> <span class='ocrx_word' id='word_1_10' title='bbox 458 886 559 949; x_wconf 90' lang='lat' dir='ltr'>libere</span> <span class='ocrx_word' id='word_1_11' title='bbox 596 895 749 949; x_wconf 89' lang='lat' dir='ltr'>tenentes</span> <span class='ocrx_word' id='word_1_12' title='bbox 788 883 908 948; x_wconf 91' lang='lat' dir='ltr'>Prioris</span> <span class='ocrx_word' id='word_1_13' title='bbox 945 884 988 947; x_wconf 93' lang='lat' dir='ltr'>de</span> <span class='ocrx_word' id='word_1_14' title='bbox 1022 882 1222 946; x_wconf 86' lang='lat' dir='ltr'>Bernewelle</span> <span class='ocrx_word' id='word_1_15' title='bbox 1253 881 1285 943; x_wconf 91' lang='lat' dir='ltr'>in</span> 
     </span>
     <span class='ocr_line' id='line_1_4' title="bbox 180 1006 341 1071; baseline 0 -2"><span class='ocrx_word' id='word_1_16' title='bbox 180 1006 341 1071; x_wconf 90' lang='lat' dir='ltr'>Bertone:</span> 
     </span>
    </p>
   </div>
   <div class='ocr_carea' id='block_1_4' title="bbox 178 1162 1404 4470">
    <p class='ocr_par' dir='ltr' id='par_1_4' title="bbox 178 1162 1287 1663">
     <span class='ocr_line' id='line_1_5' title="bbox 243 1162 1285 1246; baseline -0.005 -19"><span class='ocrx_word' id='word_1_17' title='bbox 243 1163 380 1246; x_wconf 87' lang='lat' dir='ltr'>Agneta</span> <span class='ocrx_word' id='word_1_18' title='bbox 409 1162 440 1227; x_wconf 91' lang='lat' dir='ltr'>le</span> <span class='ocrx_word' id='word_1_19' title='bbox 464 1163 592 1246; x_wconf 89' lang='lat' dir='ltr'>Taylur</span> <span class='ocrx_word' id='word_1_20' title='bbox 621 1170 714 1227; x_wconf 89' lang='lat' dir='ltr'>tenet</span> <span class='ocrx_word' id='word_1_21' title='bbox 740 1162 915 1227; x_wconf 81' lang='lat' dir='ltr'>dimidiam</span> <span class='ocrx_word' id='word_1_22' title='bbox 944 1162 1109 1242; x_wconf 82' lang='lat' dir='ltr'>virgatam</span> <span class='ocrx_word' id='word_1_23' title='bbox 1134 1168 1228 1235; x_wconf 89' lang='lat' dir='ltr'>terre,</span> <span class='ocrx_word' id='word_1_24' title='bbox 1252 1168 1285 1222; x_wconf 91' lang='lat' dir='ltr'>et</span> 
     </span>
     <span class='ocr_line' id='line_1_6' title="bbox 179 1263 1286 1351; baseline -0.005 -20"><span class='ocrx_word' id='word_1_25' title='bbox 179 1267 289 1332; x_wconf 88' lang='lat' dir='ltr'>reddit</span> <span class='ocrx_word' id='word_1_26' title='bbox 306 1288 364 1351; x_wconf 89' lang='lat' dir='ltr'>per</span> <span class='ocrx_word' id='word_1_27' title='bbox 385 1287 510 1332; x_wconf 92' lang='lat' dir='ltr'>annum</span> <span class='ocrx_word' id='word_1_28' title='bbox 531 1268 574 1329; x_wconf 93' lang='lat' dir='ltr'>ad</span> <span class='ocrx_word' id='word_1_29' title='bbox 591 1267 736 1331; x_wconf 91' lang='lat' dir='ltr'>wardam</span> <span class='ocrx_word' id='word_1_30' title='bbox 753 1268 796 1331; x_wconf 90' lang='lat' dir='ltr'>de</span> <span class='ocrx_word' id='word_1_31' title='bbox 813 1266 1029 1348; x_wconf 89' lang='lat' dir='ltr'>Rokingham</span> <span class='ocrx_word' id='word_1_32' title='bbox 1045 1264 1107 1347; x_wconf 89' lang='lat' dir='ltr'>.vij.</span> <span class='ocrx_word' id='word_1_33' title='bbox 1123 1263 1286 1339; x_wconf 89' lang='lat' dir='ltr'>denarios,</span> 
     </span>
     <span class='ocr_line' id='line_1_7' title="bbox 178 1368 1286 1450; baseline -0.004 -13"><span class='ocrx_word' id='word_1_34' title='bbox 178 1381 213 1437; x_wconf 93' lang='lat' dir='ltr'>et</span> <span class='ocrx_word' id='word_1_35' title='bbox 249 1374 292 1436; x_wconf 92' lang='lat' dir='ltr'>ad</span> <span class='ocrx_word' id='word_1_36' title='bbox 331 1372 494 1436; x_wconf 84' lang='lat' dir='ltr'>auxilium</span> <span class='ocrx_word' id='word_1_37' title='bbox 527 1372 731 1435; x_wconf 85' lang='lat' dir='ltr'>vicecomitis</span> <span class='ocrx_word' id='word_1_38' title='bbox 763 1370 794 1435; x_wconf 91' lang='lat' dir='ltr'>in</span> <span class='ocrx_word' id='word_1_39' title='bbox 827 1370 912 1434; x_wconf 83' lang='lat' dir='ltr'>sesto</span> <span class='ocrx_word' id='word_1_40' title='bbox 941 1369 1048 1434; x_wconf 90' lang='lat' dir='ltr'>sancti</span> <span class='ocrx_word' id='word_1_41' title='bbox 1078 1368 1217 1432; x_wconf 82' lang='lat' dir='ltr'>Andree</span> <span class='ocrx_word' id='word_1_42' title='bbox 1245 1368 1286 1450; x_wconf 79' lang='lat' dir='ltr'>ij.</span> 
     </span>
     <span class='ocr_line' id='line_1_8' title="bbox 178 1472 1287 1557; baseline -0.005 -16"><span class='ocrx_word' id='word_1_43' title='bbox 178 1476 341 1553; x_wconf 90' lang='lat' dir='ltr'>denarios,</span> <span class='ocrx_word' id='word_1_44' title='bbox 378 1484 411 1539; x_wconf 93' lang='lat' dir='ltr'>et</span> <span class='ocrx_word' id='word_1_45' title='bbox 449 1476 483 1538; x_wconf 91' lang='lat' dir='ltr'>in</span> <span class='ocrx_word' id='word_1_46' title='bbox 521 1475 607 1538; x_wconf 82' lang='lat' dir='ltr'>sesto</span> <span class='ocrx_word' id='word_1_47' title='bbox 643 1475 750 1539; x_wconf 91' lang='lat' dir='ltr'>sancti</span> <span class='ocrx_word' id='word_1_48' title='bbox 786 1474 950 1557; x_wconf 91' lang='lat' dir='ltr'>Johannis</span> <span class='ocrx_word' id='word_1_49' title='bbox 983 1474 1023 1557; x_wconf 82' lang='lat' dir='ltr'>ij.</span> <span class='ocrx_word' id='word_1_50' title='bbox 1060 1472 1224 1549; x_wconf 86' lang='lat' dir='ltr'>denarios,</span> <span class='ocrx_word' id='word_1_51' title='bbox 1253 1482 1287 1535; x_wconf 88' lang='lat' dir='ltr'>et</span> 
     </span>
     <span class='ocr_line' id='line_1_9' title="bbox 179 1579 666 1663; baseline -0.004 -18"><span class='ocrx_word' id='word_1_52' title='bbox 179 1581 367 1663; x_wconf 83' lang='lat' dir='ltr'>scutagium</span> <span class='ocrx_word' id='word_1_53' title='bbox 390 1579 528 1663; x_wconf 92' lang='lat' dir='ltr'>quando</span> <span class='ocrx_word' id='word_1_54' title='bbox 549 1587 666 1643; x_wconf 87' lang='lat' dir='ltr'>curret.</span> 
     </span>
    </p>

    <p class='ocr_par' dir='ltr' id='par_1_5' title="bbox 180 1680 1287 1975">
     <span class='ocr_line' id='line_1_10' title="bbox 245 1680 1287 1766; baseline -0.006 -17"><span class='ocrx_word' id='word_1_55' title='bbox 245 1684 433 1749; x_wconf 87' lang='lat' dir='ltr'>Willelmus</span> <span class='ocrx_word' id='word_1_56' title='bbox 454 1682 673 1747; x_wconf 90' lang='lat' dir='ltr'>Thourubern</span> <span class='ocrx_word' id='word_1_57' title='bbox 695 1684 738 1747; x_wconf 93' lang='lat' dir='ltr'>de</span> <span class='ocrx_word' id='word_1_58' title='bbox 755 1682 990 1766; x_wconf 85' lang='lat' dir='ltr'>Haselingseld</span> <span class='ocrx_word' id='word_1_59' title='bbox 1006 1692 1098 1746; x_wconf 87' lang='lat' dir='ltr'>tenet</span> <span class='ocrx_word' id='word_1_60' title='bbox 1114 1680 1178 1764; x_wconf 88' lang='lat' dir='ltr'>iiij.</span> <span class='ocrx_word' id='word_1_61' title='bbox 1194 1700 1287 1745; x_wconf 90' lang='lat' dir='ltr'>acras</span> 
     </span>
     <span class='ocr_line' id='line_1_11' title="bbox 180 1783 1287 1870; baseline -0.005 -17"><span class='ocrx_word' id='word_1_62' title='bbox 180 1798 265 1853; x_wconf 86' lang='lat' dir='ltr'>terre</span> <span class='ocrx_word' id='word_1_63' title='bbox 281 1808 340 1870; x_wconf 91' lang='lat' dir='ltr'>per</span> <span class='ocrx_word' id='word_1_64' title='bbox 360 1796 485 1851; x_wconf 92' lang='lat' dir='ltr'>cartam</span> <span class='ocrx_word' id='word_1_65' title='bbox 502 1796 536 1850; x_wconf 90' lang='lat' dir='ltr'>et</span> <span class='ocrx_word' id='word_1_66' title='bbox 557 1786 665 1850; x_wconf 89' lang='lat' dir='ltr'>reddit</span> <span class='ocrx_word' id='word_1_67' title='bbox 682 1785 760 1849; x_wconf 90' lang='lat' dir='ltr'>inde</span> <span class='ocrx_word' id='word_1_68' title='bbox 775 1805 973 1869; x_wconf 89' lang='lat' dir='ltr'>perannum</span> <span class='ocrx_word' id='word_1_69' title='bbox 989 1784 1031 1868; x_wconf 81' lang='lat' dir='ltr'>ij.</span> <span class='ocrx_word' id='word_1_70' title='bbox 1047 1784 1180 1859; x_wconf 90' lang='lat' dir='ltr'>solidos,</span> <span class='ocrx_word' id='word_1_71' title='bbox 1195 1792 1228 1847; x_wconf 92' lang='lat' dir='ltr'>et</span> <span class='ocrx_word' id='word_1_72' title='bbox 1243 1783 1287 1847; x_wconf 93' lang='lat' dir='ltr'>ad</span> 
     </span>
     <span class='ocr_line' id='line_1_12' title="bbox 181 1891 857 1975; baseline -0.004 -18"><span class='ocrx_word' id='word_1_73' title='bbox 181 1894 327 1957; x_wconf 90' lang='lat' dir='ltr'>wardam</span> <span class='ocrx_word' id='word_1_74' title='bbox 343 1893 387 1956; x_wconf 88' lang='lat' dir='ltr'>de</span> <span class='ocrx_word' id='word_1_75' title='bbox 403 1891 620 1975; x_wconf 85' lang='lat' dir='ltr'>Rokingham</span> <span class='ocrx_word' id='word_1_76' title='bbox 637 1892 678 1975; x_wconf 89' lang='lat' dir='ltr'>.ij.</span> <span class='ocrx_word' id='word_1_77' title='bbox 694 1891 857 1956; x_wconf 83' lang='lat' dir='ltr'>denarios</span> 
     </span>
    </p>

    <p class='ocr_par' dir='ltr' id='par_1_6' title="bbox 181 1996 1288 2287">
     <span class='ocr_line' id='line_1_13' title="bbox 247 1996 1288 2079; baseline -0.005 -18"><span class='ocrx_word' id='word_1_78' title='bbox 247 1999 399 2079; x_wconf 88' lang='lat' dir='ltr'>Rogerus</span> <span class='ocrx_word' id='word_1_79' title='bbox 416 1996 533 2060; x_wconf 89' lang='lat' dir='ltr'>Pernel</span> <span class='ocrx_word' id='word_1_80' title='bbox 548 1996 592 2060; x_wconf 88' lang='lat' dir='ltr'>de</span> <span class='ocrx_word' id='word_1_81' title='bbox 605 1996 812 2060; x_wconf 88' lang='lat' dir='ltr'>Euerisdone</span> <span class='ocrx_word' id='word_1_82' title='bbox 823 2004 916 2060; x_wconf 89' lang='lat' dir='ltr'>tenet</span> <span class='ocrx_word' id='word_1_83' title='bbox 930 1997 1015 2059; x_wconf 89' lang='lat' dir='ltr'>duas</span> <span class='ocrx_word' id='word_1_84' title='bbox 1029 2014 1122 2058; x_wconf 90' lang='lat' dir='ltr'>acras</span> <span class='ocrx_word' id='word_1_85' title='bbox 1138 2004 1172 2057; x_wconf 89' lang='lat' dir='ltr'>et</span> <span class='ocrx_word' id='word_1_86' title='bbox 1186 2013 1288 2057; x_wconf 83' lang='lat' dir='ltr'>unam</span> 
     </span>
     <span class='ocr_line' id='line_1_14' title="bbox 181 2097 1288 2183; baseline -0.005 -17"><span class='ocrx_word' id='word_1_87' title='bbox 181 2102 297 2167; x_wconf 89' lang='lat' dir='ltr'>rodam</span> <span class='ocrx_word' id='word_1_88' title='bbox 321 2109 416 2176; x_wconf 90' lang='lat' dir='ltr'>terre,</span> <span class='ocrx_word' id='word_1_89' title='bbox 433 2109 467 2165; x_wconf 88' lang='lat' dir='ltr'>et</span> <span class='ocrx_word' id='word_1_90' title='bbox 489 2100 599 2165; x_wconf 90' lang='lat' dir='ltr'>reddit</span> <span class='ocrx_word' id='word_1_91' title='bbox 623 2099 701 2165; x_wconf 91' lang='lat' dir='ltr'>inde</span> <span class='ocrx_word' id='word_1_92' title='bbox 722 2120 781 2183; x_wconf 86' lang='lat' dir='ltr'>per</span> <span class='ocrx_word' id='word_1_93' title='bbox 801 2118 926 2164; x_wconf 90' lang='lat' dir='ltr'>annum</span> <span class='ocrx_word' id='word_1_94' title='bbox 942 2098 1009 2181; x_wconf 78' lang='lat' dir='ltr'>‚xij.</span> <span class='ocrx_word' id='word_1_95' title='bbox 1026 2099 1180 2163; x_wconf 88' lang='lat' dir='ltr'>denarios</span> <span class='ocrx_word' id='word_1_96' title='bbox 1195 2107 1230 2163; x_wconf 93' lang='lat' dir='ltr'>et</span> <span class='ocrx_word' id='word_1_97' title='bbox 1245 2097 1288 2164; x_wconf 89' lang='lat' dir='ltr'>ad</span> 
     </span>
     <span class='ocr_line' id='line_1_15' title="bbox 181 2205 571 2287; baseline -0.003 -16"><span class='ocrx_word' id='word_1_98' title='bbox 181 2205 327 2271; x_wconf 90' lang='lat' dir='ltr'>wardam</span> <span class='ocrx_word' id='word_1_99' title='bbox 343 2205 373 2287; x_wconf 92' lang='lat' dir='ltr'>.j.</span> <span class='ocrx_word' id='word_1_100' title='bbox 388 2205 571 2270; x_wconf 91' lang='lat' dir='ltr'>denarium.</span> 
     </span>
    </p>

    <p class='ocr_par' dir='ltr' id='par_1_7' title="bbox 182 2307 1288 2584">
     <span class='ocr_line' id='line_1_16' title="bbox 246 2307 1288 2391; baseline -0.003 -18"><span class='ocrx_word' id='word_1_101' title='bbox 246 2309 418 2391; x_wconf 91' lang='lat' dir='ltr'>Johannes</span> <span class='ocrx_word' id='word_1_102' title='bbox 434 2308 598 2373; x_wconf 84' lang='lat' dir='ltr'>aurifaber</span> <span class='ocrx_word' id='word_1_103' title='bbox 610 2317 702 2373; x_wconf 86' lang='lat' dir='ltr'>tenet</span> <span class='ocrx_word' id='word_1_104' title='bbox 714 2328 815 2373; x_wconf 88' lang='lat' dir='ltr'>vnam</span> <span class='ocrx_word' id='word_1_105' title='bbox 831 2328 943 2372; x_wconf 91' lang='lat' dir='ltr'>acram</span> <span class='ocrx_word' id='word_1_106' title='bbox 959 2317 994 2372; x_wconf 89' lang='lat' dir='ltr'>et</span> <span class='ocrx_word' id='word_1_107' title='bbox 1002 2328 1102 2372; x_wconf 88' lang='lat' dir='ltr'>vnarn</span> <span class='ocrx_word' id='word_1_108' title='bbox 1115 2307 1288 2372; x_wconf 86' lang='lat' dir='ltr'>dimidiam</span> 
     </span>
     <span class='ocr_line' id='line_1_17' title="bbox 183 2412 1288 2496; baseline 0 -20"><span class='ocrx_word' id='word_1_109' title='bbox 183 2415 297 2477; x_wconf 91' lang='lat' dir='ltr'>rodam</span> <span class='ocrx_word' id='word_1_110' title='bbox 321 2423 415 2489; x_wconf 86' lang='lat' dir='ltr'>terre,</span> <span class='ocrx_word' id='word_1_111' title='bbox 431 2421 465 2477; x_wconf 88' lang='lat' dir='ltr'>et</span> <span class='ocrx_word' id='word_1_112' title='bbox 489 2412 597 2476; x_wconf 88' lang='lat' dir='ltr'>reddit</span> <span class='ocrx_word' id='word_1_113' title='bbox 621 2412 698 2476; x_wconf 85' lang='lat' dir='ltr'>inde</span> <span class='ocrx_word' id='word_1_114' title='bbox 721 2434 780 2496; x_wconf 91' lang='lat' dir='ltr'>per</span> <span class='ocrx_word' id='word_1_115' title='bbox 802 2433 929 2477; x_wconf 93' lang='lat' dir='ltr'>annum</span> <span class='ocrx_word' id='word_1_116' title='bbox 946 2412 996 2495; x_wconf 89' lang='lat' dir='ltr'>.vj.</span> <span class='ocrx_word' id='word_1_117' title='bbox 1012 2413 1174 2490; x_wconf 87' lang='lat' dir='ltr'>denarios,</span> <span class='ocrx_word' id='word_1_118' title='bbox 1189 2421 1224 2477; x_wconf 88' lang='lat' dir='ltr'>et</span> <span class='ocrx_word' id='word_1_119' title='bbox 1245 2412 1288 2476; x_wconf 91' lang='lat' dir='ltr'>ad</span> 
     </span>
     <span class='ocr_line' id='line_1_18' title="bbox 182 2518 499 2584; baseline -0.009 -1"><span class='ocrx_word' id='word_1_120' title='bbox 182 2521 330 2584; x_wconf 91' lang='lat' dir='ltr'>wardam</span> <span class='ocrx_word' id='word_1_121' title='bbox 354 2518 499 2581; x_wconf 91' lang='lat' dir='ltr'>obolum.</span> 
     </span>
    </p>

    <p class='ocr_par' dir='ltr' id='par_1_8' title="bbox 181 2619 1290 2895">
     <span class='ocr_line' id='line_1_19' title="bbox 249 2619 1290 2703; baseline -0.002 -19"><span class='ocrx_word' id='word_1_122' title='bbox 249 2620 389 2685; x_wconf 91' lang='lat' dir='ltr'>Mabilia</span> <span class='ocrx_word' id='word_1_123' title='bbox 409 2621 452 2684; x_wconf 94' lang='lat' dir='ltr'>de</span> <span class='ocrx_word' id='word_1_124' title='bbox 471 2619 638 2703; x_wconf 89' lang='lat' dir='ltr'>Wyncpol</span> <span class='ocrx_word' id='word_1_125' title='bbox 659 2629 751 2683; x_wconf 88' lang='lat' dir='ltr'>tenet</span> <span class='ocrx_word' id='word_1_126' title='bbox 771 2640 873 2683; x_wconf 92' lang='lat' dir='ltr'>vnam</span> <span class='ocrx_word' id='word_1_127' title='bbox 894 2640 1005 2683; x_wconf 91' lang='lat' dir='ltr'>acram</span> <span class='ocrx_word' id='word_1_128' title='bbox 1026 2629 1060 2683; x_wconf 91' lang='lat' dir='ltr'>et</span> <span class='ocrx_word' id='word_1_129' title='bbox 1077 2640 1177 2683; x_wconf 91' lang='lat' dir='ltr'>vnam</span> <span class='ocrx_word' id='word_1_130' title='bbox 1194 2619 1290 2683; x_wconf 90' lang='lat' dir='ltr'>dimi-</span> 
     </span>
     <span class='ocr_line' id='line_1_20' title="bbox 181 2724 1290 2810; baseline -0.003 -20"><span class='ocrx_word' id='word_1_131' title='bbox 181 2727 272 2790; x_wconf 90' lang='lat' dir='ltr'>diam</span> <span class='ocrx_word' id='word_1_132' title='bbox 290 2727 405 2790; x_wconf 91' lang='lat' dir='ltr'>rodam</span> <span class='ocrx_word' id='word_1_133' title='bbox 418 2734 512 2802; x_wconf 88' lang='lat' dir='ltr'>terre,</span> <span class='ocrx_word' id='word_1_134' title='bbox 527 2736 560 2789; x_wconf 93' lang='lat' dir='ltr'>et</span> <span class='ocrx_word' id='word_1_135' title='bbox 578 2724 687 2789; x_wconf 88' lang='lat' dir='ltr'>reddit</span> <span class='ocrx_word' id='word_1_136' title='bbox 703 2725 781 2789; x_wconf 94' lang='lat' dir='ltr'>inde</span> <span class='ocrx_word' id='word_1_137' title='bbox 796 2744 995 2810; x_wconf 92' lang='lat' dir='ltr'>perannum</span> <span class='ocrx_word' id='word_1_138' title='bbox 1011 2724 1061 2806; x_wconf 89' lang='lat' dir='ltr'>.vj.</span> <span class='ocrx_word' id='word_1_139' title='bbox 1077 2726 1241 2801; x_wconf 90' lang='lat' dir='ltr'>denarios,</span> <span class='ocrx_word' id='word_1_140' title='bbox 1256 2734 1290 2787; x_wconf 89' lang='lat' dir='ltr'>et</span> 
     </span>
     <span class='ocr_line' id='line_1_21' title="bbox 182 2829 550 2895; baseline -0.003 0"><span class='ocrx_word' id='word_1_141' title='bbox 182 2831 225 2895; x_wconf 92' lang='lat' dir='ltr'>ad</span> <span class='ocrx_word' id='word_1_142' title='bbox 242 2829 388 2894; x_wconf 89' lang='lat' dir='ltr'>wardam</span> <span class='ocrx_word' id='word_1_143' title='bbox 403 2831 550 2895; x_wconf 94' lang='lat' dir='ltr'>obolum.</span> 
     </span>
    </p>

    <p class='ocr_par' dir='ltr' id='par_1_9' title="bbox 182 2933 1290 3225">
     <span class='ocr_line' id='line_1_22' title="bbox 249 2933 1290 3017; baseline 0.001 -20"><span class='ocrx_word' id='word_1_144' title='bbox 249 2933 400 3017; x_wconf 90' lang='lat' dir='ltr'>Rogerus</span> <span class='ocrx_word' id='word_1_145' title='bbox 413 2934 456 2998; x_wconf 92' lang='lat' dir='ltr'>ad</span> <span class='ocrx_word' id='word_1_146' title='bbox 470 2934 611 3000; x_wconf 92' lang='lat' dir='ltr'>Crucem</span> <span class='ocrx_word' id='word_1_147' title='bbox 627 2942 721 2997; x_wconf 86' lang='lat' dir='ltr'>tenet</span> <span class='ocrx_word' id='word_1_148' title='bbox 731 2945 799 2998; x_wconf 86' lang='lat' dir='ltr'>tres</span> <span class='ocrx_word' id='word_1_149' title='bbox 816 2934 914 2997; x_wconf 93' lang='lat' dir='ltr'>rodas</span> <span class='ocrx_word' id='word_1_150' title='bbox 930 2943 1024 3011; x_wconf 89' lang='lat' dir='ltr'>terre,</span> <span class='ocrx_word' id='word_1_151' title='bbox 1039 2943 1073 2999; x_wconf 91' lang='lat' dir='ltr'>et</span> <span class='ocrx_word' id='word_1_152' title='bbox 1089 2933 1197 2998; x_wconf 84' lang='lat' dir='ltr'>reddit</span> <span class='ocrx_word' id='word_1_153' title='bbox 1213 2933 1290 2998; x_wconf 92' lang='lat' dir='ltr'>inde</span> 
     </span>
     <span class='ocr_line' id='line_1_23' title="bbox 182 3035 1289 3121; baseline 0.001 -22"><span class='ocrx_word' id='word_1_154' title='bbox 182 3057 242 3121; x_wconf 85' lang='lat' dir='ltr'>per</span> <span class='ocrx_word' id='word_1_155' title='bbox 264 3056 389 3100; x_wconf 93' lang='lat' dir='ltr'>annum</span> <span class='ocrx_word' id='word_1_156' title='bbox 406 3036 434 3119; x_wconf 91' lang='lat' dir='ltr'>.j.</span> <span class='ocrx_word' id='word_1_157' title='bbox 450 3037 624 3100; x_wconf 89' lang='lat' dir='ltr'>denarium</span> <span class='ocrx_word' id='word_1_158' title='bbox 648 3035 691 3100; x_wconf 93' lang='lat' dir='ltr'>ad</span> <span class='ocrx_word' id='word_1_159' title='bbox 716 3036 838 3100; x_wconf 84' lang='lat' dir='ltr'>festum</span> <span class='ocrx_word' id='word_1_160' title='bbox 860 3036 967 3100; x_wconf 90' lang='lat' dir='ltr'>sancti</span> <span class='ocrx_word' id='word_1_161' title='bbox 993 3036 1175 3111; x_wconf 89' lang='lat' dir='ltr'>Michaelis,</span> <span class='ocrx_word' id='word_1_162' title='bbox 1189 3045 1223 3100; x_wconf 88' lang='lat' dir='ltr'>et</span> <span class='ocrx_word' id='word_1_163' title='bbox 1245 3036 1289 3100; x_wconf 90' lang='lat' dir='ltr'>ad</span> 
     </span>
     <span class='ocr_line' id='line_1_24' title="bbox 182 3141 584 3225; baseline -0.002 -19"><span class='ocrx_word' id='word_1_164' title='bbox 182 3142 329 3206; x_wconf 90' lang='lat' dir='ltr'>wardam</span> <span class='ocrx_word' id='word_1_165' title='bbox 353 3141 584 3225; x_wconf 92' lang='lat' dir='ltr'>quadrantem.</span> 
     </span>
    </p>

    <p class='ocr_par' dir='ltr' id='par_1_10' title="bbox 182 3244 1290 3535">
     <span class='ocr_line' id='line_1_25' title="bbox 247 3244 1290 3329; baseline 0 -19"><span class='ocrx_word' id='word_1_166' title='bbox 247 3245 418 3329; x_wconf 91' lang='lat' dir='ltr'>Johannes</span> <span class='ocrx_word' id='word_1_167' title='bbox 448 3246 491 3310; x_wconf 91' lang='lat' dir='ltr'>de</span> <span class='ocrx_word' id='word_1_168' title='bbox 514 3244 645 3309; x_wconf 90' lang='lat' dir='ltr'>Baldak</span> <span class='ocrx_word' id='word_1_169' title='bbox 668 3256 761 3310; x_wconf 85' lang='lat' dir='ltr'>tenet</span> <span class='ocrx_word' id='word_1_170' title='bbox 791 3246 966 3310; x_wconf 92' lang='lat' dir='ltr'>dimidiam</span> <span class='ocrx_word' id='word_1_171' title='bbox 997 3266 1108 3310; x_wconf 92' lang='lat' dir='ltr'>acram</span> <span class='ocrx_word' id='word_1_172' title='bbox 1136 3256 1230 3321; x_wconf 88' lang='lat' dir='ltr'>terre,</span> <span class='ocrx_word' id='word_1_173' title='bbox 1256 3256 1290 3311; x_wconf 86' lang='lat' dir='ltr'>et</span> 
     </span>
     <span class='ocr_line' id='line_1_26' title="bbox 182 3350 1289 3433; baseline 0 -18"><span class='ocrx_word' id='word_1_174' title='bbox 182 3350 292 3415; x_wconf 81' lang='lat' dir='ltr'>reddit</span> <span class='ocrx_word' id='word_1_175' title='bbox 308 3352 385 3415; x_wconf 89' lang='lat' dir='ltr'>inde</span> <span class='ocrx_word' id='word_1_176' title='bbox 400 3372 459 3433; x_wconf 92' lang='lat' dir='ltr'>per</span> <span class='ocrx_word' id='word_1_177' title='bbox 474 3370 598 3414; x_wconf 92' lang='lat' dir='ltr'>annum</span> <span class='ocrx_word' id='word_1_178' title='bbox 615 3350 643 3433; x_wconf 89' lang='lat' dir='ltr'>.j.</span> <span class='ocrx_word' id='word_1_179' title='bbox 659 3351 832 3415; x_wconf 91' lang='lat' dir='ltr'>denarium</span> <span class='ocrx_word' id='word_1_180' title='bbox 849 3350 892 3414; x_wconf 90' lang='lat' dir='ltr'>ad</span> <span class='ocrx_word' id='word_1_181' title='bbox 910 3350 1045 3427; x_wconf 91' lang='lat' dir='ltr'>Pascha,</span> <span class='ocrx_word' id='word_1_182' title='bbox 1060 3360 1093 3415; x_wconf 93' lang='lat' dir='ltr'>et</span> <span class='ocrx_word' id='word_1_183' title='bbox 1109 3352 1151 3414; x_wconf 92' lang='lat' dir='ltr'>ad</span> <span class='ocrx_word' id='word_1_184' title='bbox 1168 3350 1289 3415; x_wconf 83' lang='lat' dir='ltr'>festum</span> 
     </span>
     <span class='ocr_line' id='line_1_27' title="bbox 184 3452 962 3535; baseline -0.003 -16"><span class='ocrx_word' id='word_1_185' title='bbox 184 3454 299 3519; x_wconf 91' lang='lat' dir='ltr'>Sancti</span> <span class='ocrx_word' id='word_1_186' title='bbox 318 3452 493 3518; x_wconf 92' lang='lat' dir='ltr'>Michaelis</span> <span class='ocrx_word' id='word_1_187' title='bbox 508 3453 551 3516; x_wconf 94' lang='lat' dir='ltr'>ad</span> <span class='ocrx_word' id='word_1_188' title='bbox 568 3453 714 3516; x_wconf 90' lang='lat' dir='ltr'>wardam</span> <span class='ocrx_word' id='word_1_189' title='bbox 731 3453 962 3535; x_wconf 86' lang='lat' dir='ltr'>quadrantem.</span> 
     </span>
    </p>

    <p class='ocr_par' dir='ltr' id='par_1_11' title="bbox 182 3556 1404 3831">
     <span class='ocr_line' id='line_1_28' title="bbox 248 3556 1404 3640; baseline 0 -19"><span class='ocrx_word' id='word_1_190' title='bbox 248 3556 418 3640; x_wconf 87' lang='lat' dir='ltr'>Johannes</span> <span class='ocrx_word' id='word_1_191' title='bbox 455 3558 593 3640; x_wconf 90' lang='lat' dir='ltr'>Juuenis</span> <span class='ocrx_word' id='word_1_192' title='bbox 631 3556 673 3620; x_wconf 90' lang='lat' dir='ltr'>de</span> <span class='ocrx_word' id='word_1_193' title='bbox 714 3556 948 3639; x_wconf 86' lang='lat' dir='ltr'>Haselingfeld</span> <span class='ocrx_word' id='word_1_194' title='bbox 986 3567 1078 3622; x_wconf 89' lang='lat' dir='ltr'>tenet</span> <span class='ocrx_word' id='word_1_195' title='bbox 1115 3558 1288 3623; x_wconf 88' lang='lat' dir='ltr'>dimidiam</span> <span class='ocrx_word' id='word_1_196' title='bbox 1302 3572 1319 3622; x_wconf 81' lang='lat' dir='ltr'>s.</span> <span class='ocrx_word' id='word_1_197' title='bbox 1335 3573 1404 3638; x_wconf 84' lang='lat' dir='ltr'>169b</span> 
     </span>
     <span class='ocr_line' id='line_1_29' title="bbox 183 3661 1290 3744; baseline 0.003 -19"><span class='ocrx_word' id='word_1_198' title='bbox 183 3661 346 3744; x_wconf 87' lang='lat' dir='ltr'>virgatam</span> <span class='ocrx_word' id='word_1_199' title='bbox 363 3670 456 3738; x_wconf 86' lang='lat' dir='ltr'>terre,</span> <span class='ocrx_word' id='word_1_200' title='bbox 473 3672 506 3725; x_wconf 91' lang='lat' dir='ltr'>et</span> <span class='ocrx_word' id='word_1_201' title='bbox 519 3661 628 3725; x_wconf 85' lang='lat' dir='ltr'>reddit</span> <span class='ocrx_word' id='word_1_202' title='bbox 640 3661 718 3725; x_wconf 85' lang='lat' dir='ltr'>inde</span> <span class='ocrx_word' id='word_1_203' title='bbox 734 3682 794 3744; x_wconf 89' lang='lat' dir='ltr'>per</span> <span class='ocrx_word' id='word_1_204' title='bbox 808 3683 933 3726; x_wconf 91' lang='lat' dir='ltr'>annum</span> <span class='ocrx_word' id='word_1_205' title='bbox 949 3662 990 3744; x_wconf 84' lang='lat' dir='ltr'>ij.</span> <span class='ocrx_word' id='word_1_206' title='bbox 1006 3664 1131 3727; x_wconf 92' lang='lat' dir='ltr'>solidos</span> <span class='ocrx_word' id='word_1_207' title='bbox 1145 3662 1188 3727; x_wconf 91' lang='lat' dir='ltr'>ad</span> <span class='ocrx_word' id='word_1_208' title='bbox 1205 3665 1290 3728; x_wconf 93' lang='lat' dir='ltr'>duos</span> 
     </span>
     <span class='ocr_line' id='line_1_30' title="bbox 182 3766 445 3831; baseline 0.004 -2"><span class='ocrx_word' id='word_1_209' title='bbox 182 3766 261 3829; x_wconf 91' lang='lat' dir='ltr'>anni</span> <span class='ocrx_word' id='word_1_210' title='bbox 277 3766 445 3831; x_wconf 90' lang='lat' dir='ltr'>terminos.</span> 
     </span>
    </p>

    <p class='ocr_par' dir='ltr' id='par_1_12' title="bbox 183 3869 1290 4142">
     <span class='ocr_line' id='line_1_31' title="bbox 249 3869 1289 3957; baseline 0.005 -24"><span class='ocrx_word' id='word_1_211' title='bbox 249 3869 437 3934; x_wconf 86' lang='lat' dir='ltr'>Willelmus</span> <span class='ocrx_word' id='word_1_212' title='bbox 460 3870 580 3936; x_wconf 88' lang='lat' dir='ltr'>Sterne</span> <span class='ocrx_word' id='word_1_213' title='bbox 602 3872 645 3934; x_wconf 91' lang='lat' dir='ltr'>de</span> <span class='ocrx_word' id='word_1_214' title='bbox 668 3872 786 3935; x_wconf 89' lang='lat' dir='ltr'>eadem</span> <span class='ocrx_word' id='word_1_215' title='bbox 810 3881 903 3935; x_wconf 87' lang='lat' dir='ltr'>tenet</span> <span class='ocrx_word' id='word_1_216' title='bbox 925 3871 1098 3937; x_wconf 91' lang='lat' dir='ltr'>dimidiam</span> <span class='ocrx_word' id='word_1_217' title='bbox 1126 3874 1289 3957; x_wconf 83' lang='lat' dir='ltr'>virgatam</span> 
     </span>
     <span class='ocr_line' id='line_1_32' title="bbox 183 3972 1290 4057; baseline 0.005 -22"><span class='ocrx_word' id='word_1_218' title='bbox 183 3982 277 4049; x_wconf 88' lang='lat' dir='ltr'>terre,</span> <span class='ocrx_word' id='word_1_219' title='bbox 300 3983 334 4037; x_wconf 92' lang='lat' dir='ltr'>et</span> <span class='ocrx_word' id='word_1_220' title='bbox 357 3972 467 4038; x_wconf 88' lang='lat' dir='ltr'>reddit</span> <span class='ocrx_word' id='word_1_221' title='bbox 490 3974 568 4038; x_wconf 90' lang='lat' dir='ltr'>inde</span> <span class='ocrx_word' id='word_1_222' title='bbox 590 3995 796 4057; x_wconf 88' lang='lat' dir='ltr'>perannum</span> <span class='ocrx_word' id='word_1_223' title='bbox 820 3975 861 4057; x_wconf 81' lang='lat' dir='ltr'>,ij.</span> <span class='ocrx_word' id='word_1_224' title='bbox 888 3975 1013 4040; x_wconf 89' lang='lat' dir='ltr'>solidos</span> <span class='ocrx_word' id='word_1_225' title='bbox 1039 3976 1082 4040; x_wconf 92' lang='lat' dir='ltr'>ad</span> <span class='ocrx_word' id='word_1_226' title='bbox 1104 3976 1190 4057; x_wconf 75' lang='lat' dir='ltr'>duos</span> <span class='ocrx_word' id='word_1_227' title='bbox 1211 3981 1290 4043; x_wconf 93' lang='lat' dir='ltr'>anni</span> 
     </span>
     <span class='ocr_line' id='line_1_33' title="bbox 183 4078 352 4142; baseline 0.006 -1"><span class='ocrx_word' id='word_1_228' title='bbox 183 4078 352 4142; x_wconf 91' lang='lat' dir='ltr'>terminos.</span> 
     </span>
    </p>

    <p class='ocr_par' dir='ltr' id='par_1_13' title="bbox 184 4180 1292 4369">
     <span class='ocr_line' id='line_1_34' title="bbox 249 4180 1292 4273; baseline 0.011 -30"><span class='ocrx_word' id='word_1_229' title='bbox 249 4180 399 4246; x_wconf 85' lang='lat' dir='ltr'>Thomas</span> <span class='ocrx_word' id='word_1_230' title='bbox 420 4180 581 4247; x_wconf 87' lang='lat' dir='ltr'>Coleman</span> <span class='ocrx_word' id='word_1_231' title='bbox 602 4191 694 4246; x_wconf 86' lang='lat' dir='ltr'>tenet</span> <span class='ocrx_word' id='word_1_232' title='bbox 715 4184 758 4247; x_wconf 93' lang='lat' dir='ltr'>de</span> <span class='ocrx_word' id='word_1_233' title='bbox 779 4183 878 4248; x_wconf 84' lang='lat' dir='ltr'>feodo</span> <span class='ocrx_word' id='word_1_234' title='bbox 900 4184 1058 4269; x_wconf 87' lang='lat' dir='ltr'>Hugonis</span> <span class='ocrx_word' id='word_1_235' title='bbox 1080 4186 1242 4273; x_wconf 88' lang='lat' dir='ltr'>Fleming‚</span> <span class='ocrx_word' id='word_1_236' title='bbox 1258 4200 1292 4254; x_wconf 89' lang='lat' dir='ltr'>et</span> 
     </span>
     <span class='ocr_line' id='line_1_35' title="bbox 184 4284 767 4369; baseline 0.003 -20"><span class='ocrx_word' id='word_1_237' title='bbox 184 4284 295 4350; x_wconf 89' lang='lat' dir='ltr'>reddit</span> <span class='ocrx_word' id='word_1_238' title='bbox 312 4285 391 4349; x_wconf 91' lang='lat' dir='ltr'>inde</span> <span class='ocrx_word' id='word_1_239' title='bbox 406 4305 464 4369; x_wconf 90' lang='lat' dir='ltr'>per</span> <span class='ocrx_word' id='word_1_240' title='bbox 480 4305 606 4348; x_wconf 93' lang='lat' dir='ltr'>annum</span> <span class='ocrx_word' id='word_1_241' title='bbox 621 4285 767 4351; x_wconf 92' lang='lat' dir='ltr'>obolum.</span> 
     </span>
    </p>

    <p class='ocr_par' dir='ltr' id='par_1_14' title="bbox 253 4386 1294 4470">
     <span class='ocr_line' id='line_1_36' title="bbox 253 4386 1294 4470; baseline 0.007 -17"><span class='ocrx_word' id='word_1_242' title='bbox 253 4388 418 4455; x_wconf 85' lang='lat' dir='ltr'>Henricus</span> <span class='ocrx_word' id='word_1_243' title='bbox 440 4386 605 4453; x_wconf 86' lang='lat' dir='ltr'>aurifaber</span> <span class='ocrx_word' id='word_1_244' title='bbox 625 4398 718 4454; x_wconf 91' lang='lat' dir='ltr'>tenet</span> <span class='ocrx_word' id='word_1_245' title='bbox 733 4399 800 4456; x_wconf 93' lang='lat' dir='ltr'>tres</span> <span class='ocrx_word' id='word_1_246' title='bbox 817 4411 911 4455; x_wconf 90' lang='lat' dir='ltr'>acras</span> <span class='ocrx_word' id='word_1_247' title='bbox 927 4401 1023 4470; x_wconf 89' lang='lat' dir='ltr'>terre,</span> <span class='ocrx_word' id='word_1_248' title='bbox 1039 4401 1074 4457; x_wconf 90' lang='lat' dir='ltr'>et</span> <span class='ocrx_word' id='word_1_249' title='bbox 1089 4393 1199 4459; x_wconf 86' lang='lat' dir='ltr'>reddit</span> <span class='ocrx_word' id='word_1_250' title='bbox 1215 4396 1294 4461; x_wconf 86' lang='lat' dir='ltr'>inde</span> 
     </span>
    </p>
   </div>
   <div class='ocr_carea' id='block_1_5' title="bbox 0 0 1631 5059">
    <p class='ocr_par' dir='ltr' id='par_1_15' title="bbox 0 0 1631 5059">
     <span class='ocr_line' id='line_1_37' title="bbox 0 0 1631 5059; baseline 0 0"><span class='ocrx_word' id='word_1_251' title='bbox 0 0 1631 5059; x_wconf 95' lang='lat' dir='ltr'> </span> 
     </span>
    </p>
   </div>
  </div>
 </body>
</html>
