3234 5059
144 372 201 478 vr]
454 378 650 453 Hundred
671 380 718 476 os
738 381 904 476 Staplow
1176 407 1194 453 2
1200 405 1247 475 59

142 563 244 628 debet
259 565 286 629 .i.
302 573 439 641 sectam,
453 574 487 630 et
510 566 553 629 de
568 566 697 629 auxilio
712 566 917 631 vicecomitis
932 567 1023 649 .iiij.s.
1039 588 1099 651 per
1113 587 1247 631 annum.
1315 622 1318 628 .

142 668 293 732 Thomas
305 669 346 732 de
360 667 565 746 Lauenham,
575 669 637 752 [et]
649 669 817 735 Henricus
828 671 871 735 de
884 671 979 734 Bello
990 671 1120 753 Campo
1132 680 1262 735 tenent

144 772 275 837 Sexton
299 774 341 837 de
364 773 497 839 Comite
520 773 657 839 Oxonie
680 796 738 857 per
758 776 934 840 seruicium
956 775 1107 853 militare,
1123 774 1248 849 scilicet

143 878 241 945 feoda
271 879 310 962 .ij.
343 880 494 944 militum.
542 880 636 944 Idem
668 880 818 945 Thomas
848 881 949 946 debet
977 882 1007 964 .j.
1033 890 1159 945 sectam
1190 901 1249 964 per

142 1005 277 1062 annum,
292 995 326 1049 et
343 987 387 1050 de
408 986 535 1049 auxilio
555 986 759 1050 vicecomitis
775 986 841 1069 .ijs.
857 1006 917 1069 per
936 1006 1069 1055 annum.
1116 983 1248 1050 Ibidem

145 1090 310 1153 Henricus
333 1089 375 1153 de
400 1089 494 1153 Bello
517 1089 646 1173 Campo
668 1089 769 1155 debet
791 1090 819 1153 .i.
843 1099 979 1166 sectam,
999 1099 1032 1154 et
1055 1089 1099 1153 de
1120 1089 1248 1153 auxilio

142 1195 346 1259 vicecomitis
359 1196 425 1276 .ijs.
436 1214 495 1278 per
505 1215 638 1259 annum.
672 1195 802 1261 Ibidem
813 1205 891 1260 sunt
907 1194 948 1278 .ij.
964 1195 1043 1259 hide
1053 1194 1261 1277 geldabiles·¹

143 1300 188 1364 Et
212 1301 360 1364 Thomas
383 1300 426 1363 de
450 1300 645 1365 Lauenham
670 1309 723 1365 est'
744 1301 897 1383 capitalis
918 1300 1075 1365 dominus
1097 1300 1246 1365 eiusdem

141 1404 226 1468 ville.
821 1463 826 1471 .
954 1414 958 1419 ’
1182 1414 1187 1421 ’

208 1506 385 1589 siluerim
408 1506 609 1592 [Silverley].
654 1508 824 1574 Galsridus
848 1508 947 1572 Arsie
969 1518 1061 1573 tenet
1084 1508 1183 1572 seoda
1205 1508 1246 1591 .ij.

142 1609 285 1675 militum
301 1612 344 1676 de
360 1611 492 1677 Comite
513 1612 655 1688 Oxonie,
671 1624 706 1677 et
720 1613 844 1677 ibidem
861 1624 939 1677 sunt
954 1614 1003 1678 ,vi
1019 1612 1097 1677 hide
1111 1622 1198 1677 terre
1212 1621 1259 1684 et⁴

141 1830 175 1885 et
197 1821 240 1885 de
263 1819 390 1885 auxilio
412 1820 617 1884 vicecomitis
639 1820 727 1902 ‚iiij.s.
752 1841 811 1903 per
833 1840 967 1885 annum.

208 1923 338 1991 creuere
366 1923 572 2008 [Cheveley].
618 1925 734 1989 Hamo
765 1926 893 1990 Pecche
927 1935 1020 1991 tenet
1050 1925 1185 1991 feodum
1216 1927 1246 2009 .j.

141 2030 255 2092 militis
284 2030 327 2093 de
358 2030 489 2094 Comite
521 2030 665 2093 Ricardo
691 2030 864 2108 Marescal‚
886 2040 919 2093 et
949 2039 1028 2094 sunt
1054 2029 1178 2095 ibidem
1204 2031 1253 2096 dcl

140 2130 259 2197 eodem
296 2133 393 2197 seodo
425 2133 475 2215 .iij.
508 2133 599 2198 hide¹
631 2154 698 2197 non
734 2132 927 2215 geldabiles,
958 2143 992 2197 et
1022 2154 1088 2197 non
1121 2133 1257 2203 debent.

140 2248 265 2301 sectam
297 2257 405 2319 neque
442 2236 604 2300 auxilium
634 2236 848 2300 vicecomitis.
897 2237 1026 2301 Ibidem
1057 2237 1246 2302 Willelmus

140 2338 226 2402 filius
244 2338 334 2402 Luce
348 2348 441 2403 tenet
453 2340 501 2420 .vj.
515 2349 643 2421 partem
657 2339 745 2403 feodi
761 2339 790 2420 .j.
804 2339 918 2403 militis
933 2338 976 2402 de
992 2338 1092 2403 feodo
1108 2339 1245 2408 Henrici

139 2444 182 2508 de
198 2441 401 2507 'Kemesech'
421 2444 464 2507 de
484 2444 610 2506 honore
630 2442 673 2506 de
695 2442 896 2506 Richmond.
942 2440 1038 2505 Idem
1056 2441 1244 2507 Willelmus

140 2548 242 2612 debet
257 2548 284 2611 .i.
300 2558 435 2624 sectam,
451 2549 543 2611 etde
559 2536 686 2610 auxilio
701 2547 906 2611 vicecomitis
922 2545 1020 2627 .xij.d.
1037 2567 1096 2629 per
1110 2567 1251 2613 annum..

141 2654 186 2718 Et
201 2662 252 2716 est
268 2652 390 2715 ibidem
408 2653 449 2715 de
465 2651 584 2715 eodem
600 2650 699 2716 feodo
715 2651 743 2732 .j.
759 2650 900 2715 dimidia
916 2650 994 2713 hida
1009 2650 1192 2732 geldabilis.

204 2755 329 2820 Asselle
355 2755 523 2840 [Ashley].
569 2756 736 2820 Robertus
767 2755 810 2819 de
840 2755 956 2838 Gynes
985 2764 1078 2819 tenet
1110 2754 1244 2820 feodum

139 2861 168 2942 .j.
193 2861 307 2924 militis
332 2860 374 2924 de
401 2859 548 2924 Henrico
574 2860 617 2925 de
643 2860 737 2923 Bello
768 2860 906 2942 Campo.
953 2860 999 2923 Et
1029 2860 1179 2928 Thomas
1203 2862 1245 2925 de

139 2967 310 3050 Valeynes
325 2967 368 3030 de
389 2966 487 3030 feodo
509 2966 651 3031 Comitis
667 2964 811 3030 Oxonie,
858 2963 989 3028 Ibidem
1005 2974 1083 3028 sunt
1098 2965 1151 3046 .iij.
1167 2964 1246 3028 hide

139 3080 174 3133 et
210 3071 264 3134 .xl.
302 3091 388 3134 acre
407 3080 492 3134 terre
522 3070 712 3152 geldabiles.
742 3069 856 3133 .Idem
890 3068 1057 3137 Robertus
1086 3067 1188 3132 debet
1216 3069 1254 3141 .i.,

138 3185 274 3251 sectam,
297 3176 395 3238 etde
418 3176 550 3238 auxilio
568 3174 772 3238 vicecomitis
795 3173 860 3257 .ijs·
884 3194 944 3257 per
965 3193 1100 3238 annum.

368 3378 571 3443 Hundredus
591 3378 631 3441 de
654 3378 806 3461 stapellzo
829 3377 1018 3462 [Staplow].

203 3508 366 3573 Burwelle
380 3505 559 3591 [Burwell].
591 3506 710 3570 Abbas
722 3509 764 3571 de
778 3508 968 3590 Rameseye
981 3517 1074 3573 tenet
1083 3530 1125 3573 .x.
1138 3509 1246 3592 hydas

138 3624 223 3677 terre
247 3634 313 3676 non
337 3612 521 3695 geldabiles
547 3612 590 3676 de
612 3612 750 3676 domino
775 3612 869 3695 Rege
892 3614 925 3675 in
948 3614 1066 3696 capite.
1089 3668 1092 3677 .
1113 3613 1249 3679 Ibidem·

138 3723 230 3777 tenet
254 3712 417 3777 Radulius
440 3712 483 3776 de
507 3710 652 3794 Cameys
675 3712 715 3795 .ij.
732 3712 831 3776 hidas
852 3722 939 3777 terre
958 3722 993 3776 et
1010 3708 1185 3777 dimidiam
1202 3715 1252 3778 de·

139 3817 237 3881 feodo
268 3815 467 3899 Britann[ie]
498 3825 532 3879 et
565 3815 691 3880 honore
723 3815 946 3880 Richmondie
974 3838 1034 3901 per
1068 3812 1243 3883 seruicium

139 3921 226 3985 feodi
250 3920 279 4002 .j.
303 3922 423 3984 militis.
474 3921 565 3983 idem
591 3920 693 3985 debet
717 3942 775 4003 per
797 3931 922 3985 annum
945 3921 1023 4004 .iij.s.
1053 3916 1097 3986 de
1118 3923 1247 3986 auxilio

137 4025 350 4100 vIcecomitis,
370 4035 404 4087 et
424 4024 525 4088 debet
548 4024 576 4106 .j.
593 4035 718 4088 sectam
739 4045 841 4107 quam
859 4024 966 4088 Auch'
981 4026 1068 4088 filius
1084 4021 1244 4101 E'udonis,

138 4139 171 4194 et
195 4129 364 4193 Gilbertus
387 4129 473 4193 filius
498 4130 638 4194 Galsridi
664 4130 790 4193 iaciunt
816 4151 878 4213 pro
899 4152 948 4195 eo.
996 4130 1125 4194 Ibidem
1153 4131 1244 4195 tenet

141 4234 305 4297 Henricus
329 4232 416 4296 filius
441 4233 578 4297 Roberti
602 4233 630 4314 .j.
655 4222 769 4297 hidam
793 4246 880 4297 terre
902 4244 936 4297 et
961 4235 989 4316 .j.
1014 4237 1177 4318 virgatam
1202 4236 1246 4298 de

138 4339 314 4403 heredibus
345 4340 476 4403 Thome
508 4342 550 4413 de
582 4339 694 4421 Burgo
724 4340 766 4403 de
797 4340 923 4403 honore
954 4340 1176 4404 Richmondie
1211 4351 1246 4405 et
1331 4386 1338 4397 ·

517 4458 525 4488 ¹
544 4458 599 4507 The
613 4458 669 4508 MS.
685 4460 757 4508 reads
769 4460 827 4509 hide
839 4469 871 4510 et.

1067 4570 1162 4627 17—-2
