3234 5059
336 374 407 447 254
655 351 852 426 Hundred
871 350 922 447 of
937 350 1119 449 Chilford
1315 348 1436 452 [souti

331 539 536 605 vicecomitis
559 538 657 622 .xij.d.
683 560 741 623 per
763 559 898 615 annum,
920 549 954 604 et
977 540 1022 603 ibi
1046 548 1125 603 sunt
1147 540 1199 604 ‚iit
1220 539 1299 604 hide
1324 539 1437 622 gelda-

332 644 422 709 biles.
469 644 504 708 Β.

237 755 255 806 f.
274 759 318 819 148
398 748 544 813 Ibidem¹
559 758 610 813 est
631 746 771 813 dimidia
787 748 916 831 virgata
936 758 1022 814 terre
1041 770 1109 832 que
1129 748 1192 813 iuit
1214 748 1355 814 Galiridi
1379 749 1437 813 filii

334 852 468 917 Ricardi
483 858 600 937 quam²
615 852 721 918 tenuit
736 852 779 917 de
794 853 922 917 honore
936 854 979 919 de
995 853 1094 919 Clare
1107 873 1168 937 per
1181 853 1357 917 seruicium
1373 854 1438 936 iiij.

332 956 436 1040 partis
459 955 547 1021 feodi
566 958 593 1020 .i.
611 955 732 1021 militis.
781 956 875 1021 idern
893 956 1063 1021 GaIiridus
1078 957 1180 1020 debet
1194 966 1319 1020 sectam
1341 956 1438 1020 etde

333 1061 459 1125 auxilio
474 1062 678 1126 vicecomitis
693 1062 767 1126 .x.d.
783 1080 843 1145 per
856 1082 992 1125 annum.
1037 1060 1124 1127 ctat.

400 1165 530 1232 ibidem
561 1166 604 1231 de
631 1166 736 1231 ieodis
765 1168 808 1231 de
840 1166 1065 1252 Bokes[wrth]
1095 1176 1131 1232 et
1161 1168 1204 1231 de
1236 1166 1372 1233 KneuiIl
1403 1176 1438 1231 et

334 1269 493 1333 Willelmi
518 1270 689 1335 Barbedor
714 1270 839 1335 debent
865 1268 906 1353 .ij.
933 1280 1051 1348 sectas,
1073 1280 1107 1335 et
1131 1270 1175 1334 de
1198 1272 1326 1335 auxilio
1351 1272 1437 1335 vice·

333 1374 465 1436 comitis
488 1373 609 1437 .xiiii.d.

399 1476 562 1542 Berclawe
582 1476 764 1561 [Bartlow].
812 1477 993 1541 Mauricius
1008 1476 1051 1540 de
1071 1477 1190 1541 eadem
1215 1486 1249 1541 et
1271 1476 1438 1542 Radulius

334 1583 377 1647 de
390 1583 522 1647 Essond
539 1592 654 1648 tenent
671 1581 804 1646 feodum
818 1584 846 1646 .i.
860 1581 974 1646 militis
989 1602 1065 1646 cum
1080 1582 1210 1646 Norton
1227 1584 1260 1646 in
1276 1584 1436 1647 comitatu

335 1687 494 1771 E[sse]xe
516 1686 559 1751 de
586 1686 719 1751 Comite
742 1685 880 1751 Oxonie
905 1685 949 1749 de
971 1685 1097 1750 honore
1119 1685 1379 1771 [Richmondie],
1405 1698 1439 1751 et

334 1792 450 1856 hidata
474 1800 525 1855 est
550 1792 582 1854 in
608 1792 735 1873 Magna
758 1792 912 1874 Campes
960 1790 1090 1855 Ibidem
1116 1791 1289 1855 Hubertus
1312 1792 1439 1855 Pouere

334 1906 427 1962 tenet
442 1896 616 1960 dimidiam
633 1895 757 1979 hydam
775 1894 977 1978 geldabilem
994 1897 1037 1959 de
1052 1895 1177 1960 honore
1192 1898 1235 1961 de
1252 1896 1397 1960 Lameie.

400 2000 556 2065 Barcham
595 2000 752 2084 [Barham
786 2001 820 2063 in
852 2000 955 2065 Great
985 1999 1132 2084 Linton].
1184 2000 1365 2065 Nicholaus
1395 2000 1438 2064 de

335 2105 476 2171 Forncll'
500 2114 592 2171 tenet
615 2105 713 2169 seoda
738 2104 791 2187 iij.
814 2104 957 2169 militum
981 2105 1024 2169 de
1044 2104 1170 2169 honore
1194 2105 1437 2182 Richmondie;

334 2232 401 2275 non
417 2212 518 2276 debet
538 2220 664 2276 sectam
680 2230 788 2294 neque
803 2210 977 2287 auxilium,
991 2219 1026 2275 et
1041 2219 1119 2275 sunt
1134 2209 1180 2276 ibi
1195 2211 1261 2293 iiij.
1276 2211 1355 2277 hide
1370 2232 1437 2275 non

333 2315 526 2400 geldabiles.

398 2420 521 2485 Lintort
536 2420 654 2504 [Great
668 2418 816 2503 Linton}
851 2418 1039 2483 Wiileimus
1054 2420 1097 2484 de
1113 2418 1182 2503 Sey
1192 2428 1286 2483 tenet
1301 2418 1436 2484 feodum

334 2525 363 2608 .j.
377 2525 491 2589 militis
507 2525 549 2587 de
565 2524 690 2587 honore
708 2522 939 2599 Richmondie‚
948 2532 983 2587 et
997 2544 1065 2586 non
1078 2524 1179 2588 debet
1191 2534 1317 2588 sectam
1330 2544 1438 2607 neque

334 2629 497 2693 auxilium
514 2629 727 2692 vicecomitis.

400 2733 516 2796 Poma
531 2732 652 2795 Lintort
673 2731 793 2815 [Little
810 2730 961 2817 Linton].
1005 2732 1203 2797 Alexander
1220 2732 1264 2796 de
1282 2732 1438 2797 Soeiariis

334 2846 368 2901 et
384 2836 516 2900 Alanus
538 2835 581 2899 de
602 2836 753 2917 Monncy
773 2844 890 2899 tenent
910 2835 1044 2900 feodum
1067 2837 1094 2901 .i.
1113 2837 1228 2900 militis
1248 2839 1291 2901 de
1313 2837 1439 2903 honore

336 2940 564 3004 Richmondie.
628 2939 758 3003 Ibidem
788 2938 914 3003 debent
943 2941 972 3003 .i.
1001 2948 1139 3016 sectam,
1168 2950 1202 3004 et
1233 2942 1277 3004 de
1309 2941 1437 3006 auxilio

334 3046 538 3110 vicecomitis
561 3044 625 3126 ijs.
650 3064 708 3127 per
730 3064 864 3121 annum,
886 3053 921 3109 et
943 3055 1021 3108 sunt
1043 3045 1167 3109 ibidem
1190 3046 1229 3110 .ii.
1253 3047 1331 3111 hide
1353 3056 1439 3111 terre

333 3148 516 3232 geldabiles
531 3158 565 3211 et
580 3146 728 3211 dimidia.

399 3252 665 3317 Hildrickesham
688 3250 944 3337 [HildershamJ.
990 3252 1163 3338 Philippus
1186 3254 1217 3318 le
1244 3256 1382 3339 Daneys
1404 3265 1439 3320 et

336 3357 522 3423 Wiilelmus
552 3359 582 3421 le
614 3358 684 3421 Ros
713 3366 829 3421 tenent
860 3357 994 3422 feodum
1025 3359 1054 3441 .j.
1085 3358 1199 3424 militis
1233 3360 1275 3424 de
1306 3359 1439 3425 Comite

335 3460 471 3527 Oxonie
486 3472 520 3525 et
542 3482 609 3524 non
625 3461 750 3525 debent
770 3471 896 3526 sectam
918 3482 1027 3545 neque
1046 3462 1210 3527 auxilium
1226 3464 1440 3543 vicecomitis,

334 3576 368 3631 et
385 3577 462 3630 sunt
477 3566 522 3629 ibi
540 3588 576 3631 .v.
592 3565 671 3629 hide
687 3586 753 3630 non
770 3566 963 3649 geidabiles.
1391 3605 1393 3609 -

400 3670 546 3735 Abinna
569 3670 687 3754 [Great
709 3670 911 3753 Abington}
956 3670 1079 3735 Comes
1101 3668 1239 3734 Oxonie
1260 3680 1353 3737 tenet
1376 3674 1439 3754 vij.

335 3775 432 3841 hidas
452 3785 538 3840 terre
561 3795 627 3839 non
649 3775 833 3857 geldabiies
851 3786 885 3840 et
901 3776 1003 3840 debet
1024 3776 1066 3840 de
1088 3776 1217 3839 auxilio
1235 3778 1440 3842 vicecomitis

336 3880 427 3962 ‚iiij.r.
445 3898 504 3961 per
524 3897 648 3942 annum
670 3889 705 3944 et
724 3879 850 3943 nullam
870 3880 972 3945 debet
994 3890 1130 3945 sectam.
1174 3881 1261 3946 clar.
1309 3882 1439 3948 Ibidem

337 4087 489 4153 Canuille
511 4088 586 4150 .xvi.
610 4087 765 4151 denarios
787 4090 831 4153 de
853 4088 956 4152 firma.

401 4193 518 4256 Parua
548 4192 694 4256 Abinton
727 4190 845 4275 [Little
876 4192 1074 4275 Abington}
1136 4192 1240 4276 Hugo
1269 4197 1311 4259 de
1337 4196 1441 4271 Vaus,

532 4339 541 4371 ¹
559 4342 590 4392 In
602 4342 645 4391 the
657 4340 714 4393 MS.
728 4342 843 4406 Horseye
853 4344 875 4393 is
886 4344 1004 4409 repeated
1014 4344 1100 4395 before
1110 4346 1160 4395 thu
1171 4346 1249 4395 word.

531 4424 541 4454 ²
557 4434 583 4475 et
594 4438 678 4490 quem,
693 4422 750 4473 MS.
