3234 5059
352 367 402 451 64
593 360 655 457 Of
675 360 733 432 the
758 360 898 433 Priors
921 358 1002 433 and
1023 359 1126 432 tlrez'r
1149 369 1226 433 acts
1344 358 1463 457 [soon

350 542 459 599 domini
485 544 572 612 Regis
596 540 761 615 J[ohannis]
785 560 841 614 que
865 553 984 599 testatur
1005 545 1067 599 hoc.
1106 546 1144 599 Et
1166 561 1222 615 quo
1244 544 1282 600 ad
1305 544 1462 615 predictam

351 632 452 687 seriam
469 632 537 689 dicit
553 633 629 704 quod
647 633 789 704 predictus
805 632 937 688 dominus
956 630 1122 705 H[enricus]
1144 650 1191 689 rex
1213 650 1335 705 proauus
1355 633 1462 689 domini

354 722 443 792 Regis
468 740 544 778 nunc
568 739 618 794 per
643 731 751 776 cartam
775 738 856 776 suam
881 720 1022 777 concessit
1046 721 1165 777 ecclesie
1190 721 1280 776 sancti
1307 722 1401 791 Egidii
1426 724 1463 779 de

352 812 523 867 Bernewelle
541 820 569 866 et
587 810 673 881 priori
692 822 720 866 et
738 809 884 865 canonicis
904 810 1010 867 ibidem
1028 811 1084 867 deo
1105 810 1292 866 seruientibus
1311 810 1414 882 quod
1407 812 1461 882 ipsi

185 906 220 947 F·
222 917 244 947 u
287 905 317 946 se
350 907 379 954 et
391 914 570 953 successores
583 915 626 953 sur
619 897 783 953 ''habeant
777 908 973 969 inperpetuum
987 916 1073 953 unam
1090 898 1188 955 leriam
1202 898 1277 969 apud
1292 899 1462 953 Beruewelle

180 905 309 1059 iiiiii&
349 985 468 1055 singulis
487 986 569 1040 annis
587 1002 638 1057 per
655 995 776 1056 quatuor
793 986 855 1039 dies
874 986 1037 1040 duraturam
1057 985 1213 1040 uidelicet'
1206 1002 1234 1039 m
1254 985 1350 1055 uigilia
1368 995 1396 1040 et
1414 985 1461 1039 die

182 1057 287 1158 ffify‘ssffi
272 1057 315 1098 ⁰¹¹·
349 1083 447 1128 sancte
469 1074 642 1129 Etheldrede
661 1073 779 1141 uirginis
801 1074 830 1127 in
850 1082 949 1139 estate,
968 1083 996 1127 et
1018 1090 1068 1143 per
1087 1074 1159 1127 duos
1181 1072 1242 1127 dies
1268 1073 1395 1143 proximo
1419 1089 1461 1127 se-

348 1169 477 1230 quentes,
495 1170 548 1215 etc.

404 1248 473 1302 Ideo
491 1248 635 1319 predictus
657 1249 733 1319 prior
752 1248 820 1303 inde
839 1248 900 1303 sine
920 1246 967 1302 die
988 1247 1068 1302 saluo
1085 1247 1152 1317 Jure
1171 1246 1280 1302 domini
1300 1247 1387 1316 Regis
1408 1257 1460 1302 etc.

967 1335 1072 1389 Rutulo
1089 1334 1177 1389 xxx01.

273 1443 291 1492 s·
304 1456 334 1493 τ’
415 1441 468 1505 De
480 1442 665 1506 nominibus
676 1441 835 1506 Priorum
850 1441 889 1504 de
904 1441 1097 1505 Bernecoelle
1110 1462 1132 1503 a
1140 1441 1255 1525 prima
1260 1442 1462 1523 fundacione

348 1557 380 1611 et
393 1547 433 1610 de
445 1547 591 1629 operibus
603 1554 740 1611 eorrrm’.

599 1726 648 1791 39.
693 1708 747 1773 De
770 1708 927 1791 Galfridr
948 1709 1067 1773 Priore
1080 1708 1200 1791 primo,

185 1857 336 1951 fflggsffi
418 1852 487 1914 Iste
508 1849 677 1916 Galsridus
697 1860 768 1914 erat
789 1850 969 1915 canonicus
992 1848 1242 1924 Huntendonie,
1264 1858 1298 1911 et
1322 1859 1460 1913 uocatus

183 1959 289 2051 {bgsspt
349 1964 421 2018 erat
444 1953 487 2017 ad
514 1954 660 2037 regimen
685 1954 922 2017 canonicorum
947 1952 1160 2036 cantebrigie
1182 1954 1279 2017 iuxta
1302 1953 1457 2019 Castrum

184 2060 279 2102 ΝΜ·
350 2081 408 2144 per
438 2080 636 2124 consensum
664 2060 818 2124 Anselmi
847 2059 1095 2129 Cantuariensis
1121 2057 1399 2141 Archiepiscopi⁸,
1425 2067 1459 2121 et

184 2143 299 2235 *iiim
248 2173 325 2243 pm}
351 2164 495 2247 Remigij
519 2164 762 2228 Lincolniensis
784 2162 968 2246 Episcopi⁴
983 2162 1134 2243 eoquod
1156 2162 1207 2225 uir
1227 2172 1297 2227 erat
1317 2182 1458 2245 magnae

185 2254 257 2297 ¹⁰⁹²
261 2254 317 2286 ¹¹¹²
348 2270 535 2334 sanctitatis
561 2278 596 2332 et
626 2267 803 2349 religionis.
865 2266 949 2330 Et
941 2285 1047 2349 ipsam
1078 2267 1251 2330 eeclesiam
1282 2267 1370 2331 rexit
1400 2287 1459 2348 per

347 2396 416 2439 .xx.
437 2394 552 2449 annos,
567 2381 601 2437 et
622 2381 699 2454 post
721 2392 836 2435 eorum
860 2371 1116 2435 translacionem
1141 2391 1245 2453 usque
1268 2372 1310 2434 ad
1335 2370 1457 2434 Berne-

347 2478 441 2542 welle
467 2498 573 2541 senex
600 2486 635 2541 et
661 2476 779 2559 plenus
803 2475 933 2539 dierum
956 2474 1041 2557 obijt
1065 2475 1098 2537 in
1122 2494 1245 2556 magna
1271 2475 1457 2551 sanctitate,

347 2591 381 2647 et
411 2582 445 2645 in
476 2582 612 2645 introitu
643 2601 722 2663 erga
751 2579 914 2663 capellam
946 2577 1044 2643 beate
1074 2580 1177 2643 marie
1212 2578 1361 2663 sepultus
1397 2591 1456 2656 est,

348 2711 460 2755 coram
482 2691 689 2774 tumbaque
711 2712 799 2755 nunc
823 2701 875 2756 est
898 2687 1071 2770 Laurencij
1099 2688 1227 2754 Prioris.

666 2869 717 2932 40.
762 2850 815 2915 Dr
839 2850 985 2915 Gerardr
1007 2850 1133 2916 Priore.

183 3000 285 3051 omer.
414 2981 582 3047 Gerardus
618 2980 710 3044 Prior
742 2982 901 3045 successit
931 2982 970 3057 ei,
1001 3000 1099 3063 quem
1133 2981 1288 3063 Paganus
1319 2981 1455 3044 Peuerel

182 3029 285 3153 ffiiif
350 3086 492 3150 multum
515 3085 645 3163 dilexit,
664 3106 704 3150 eo
726 3086 817 3169 quod
841 3095 928 3150 esset
951 3086 1053 3149 homo
1076 3084 1239 3148 iucundus
1263 3094 1295 3148 et
1318 3083 1456 3167 hyllaris

184 3162 258 3195 ω’
260 3162 317 3204 ¹¹⁸³
349 3190 455 3257 ualde.
492 3190 531 3254 In
547 3190 664 3254 diebus
679 3191 751 3255 eius
766 3189 893 3255 fiebant
908 3190 1038 3254 oflicine
1054 3189 1168 3268 multe,
1180 3200 1265 3254 terre
1281 3188 1456 3272 adquisite,

349 3304 382 3361 et
409 3296 546 3360 uiriliter
572 3296 772 3379 operabatur
797 3316 899 3379 super
924 3294 1108 3370 ecclesiam,
1134 3314 1198 3377 que
1225 3304 1296 3358 erat
1323 3294 1456 3376 incepta

349 3399 431 3462 mire
454 3399 704 3481 magnitudinis,
724 3409 767 3476 et,
783 3410 820 3464 ut
842 3399 972 3475 dicitur,
995 3420 1031 3462 se
1053 3397 1260 3463 extendebat
1282 3418 1387 3481 usque
1410 3398 1454 3461 ad

349 3523 506 3586 magnam
539 3502 685 3585 plateam
712 3523 773 3586 per
798 3502 962 3567 auxilium
990 3504 1117 3585 Pagani
1146 3501 1290 3580 Peuerel,
1314 3512 1349 3566 et
1378 3502 1456 3567 fecit

348 3608 588 3673 dormitorium.
649 3608 717 3674 Sed
753 3618 886 3674 mortuo
922 3608 1058 3691 Pagano
1097 3606 1230 3671 Peuerel
1267 3605 1456 3672 Willelmus

349 3712 484 3777 Peuerel
508 3711 594 3776 filius
618 3712 688 3776 eius
712 3732 778 3776 non
804 3714 851 3775 ita
876 3710 1006 3775 feruens
1029 3720 1100 3777 erat
1124 3712 1167 3776 ad
1191 3712 1294 3794 ipsius
1317 3710 1454 3774 ecclesie

348 3818 548 3881 erectionem
573 3817 659 3882 sicut
685 3825 781 3900 pater
804 3816 883 3893 eius,
906 3816 965 3880 sed
994 3814 1026 3878 in
1054 3824 1175 3879 terram
1203 3824 1353 3879 sanctam
1379 3836 1454 3897 pro·

349 3922 507 3998 ficiscens‚
521 3923 588 3986 cito
608 3922 759 3986 sublatus
780 3932 831 3987 est
847 3921 889 3986 de
905 3921 1024 3985 medio,
1070 3918 1193 4004 Sicque
1208 3920 1367 3984 remansit
1383 3920 1456 4001 ipsa

349 4028 488 4092 ecclesia
514 4027 637 4092 infecta
660 4036 734 4092 toto
761 4037 912 4110 tempore
938 4025 1077 4091 Gerardi
1105 4025 1235 4102 Prioris,
1256 4034 1291 4088 et
1319 4024 1454 4087 Ricardi

350 4132 462 4210 Norel,
477 4141 511 4197 et
529 4132 685 4215 Hugonis
702 4131 910 4195 Domesrnan
926 4149 1155 4195 successorum
1170 4149 1314 4193 suorum.

544 4257 553 4288 ¹
569 4258 633 4308 This
643 4259 778 4309 document
789 4258 811 4309 is
822 4258 848 4309 in
859 4274 875 4307 a
886 4259 949 4309 later
959 4257 1036 4307 hand.

543 4339 554 4372 ²
571 4342 623 4391 For
633 4340 676 4391 the
687 4340 758 4391 dates
769 4338 799 4391 of
807 4340 851 4391 the
863 4340 946 4390 Priors
957 4354 998 4391 see
1010 4340 1053 4390 the
1064 4338 1247 4389 Introduction.

543 4421 554 4455 ⁸
571 4422 1009 4489 AbposCanterbury1093-1109
1027 4420 1061 4485 (d.
1077 4437 1105 4471 ar
1121 4419 1205 4485 Apu).

543 4506 554 4537 ⁴
571 4508 610 4573 Bp
622 4506 651 4557 ol
660 4506 765 4557 Lincoln
780 4506 937 4570 roso-1092
951 4504 987 4565 (d.
1000 4502 1015 4553 6
1028 4502 1107 4569 May).
