3234 5059
356 366 374 415 2
381 348 426 437 56
629 346 829 423 Hundred
848 349 896 445 of
923 347 1189 447 Whittlesford
1339 348 1457 448 [Boon

352 529 386 593 in
401 532 520 614 capite,
535 542 569 597 et
591 534 715 598 debent
731 534 773 598 de
794 533 922 597 auxilio
941 532 1147 597 vicecomitis
1162 532 1229 614 ijo.
1245 553 1304 616 per
1321 552 1457 609 annum,

352 646 386 699 ct
402 656 469 700 non
485 638 609 703 debent
629 648 763 703 sectam.
809 637 896 702 Ciai.
943 636 1072 701 Ibidem
1094 645 1172 700 sunt
1192 658 1262 701 ,xx.
1277 635 1355 701 hide
1370 646 1457 701 terre

353 761 419 805 non
455 742 645 824 geldabiles.
707 742 837 807 Ibidem
869 741 1058 806 Willelmus
1093 741 1264 813 Barbedor
1298 741 1398 805 debet
1428 742 1458 805 .i.

352 854 477 909 sectam
508 856 542 911 et
571 849 613 911 de
644 846 771 910 auxilio
806 846 1009 910 vicecomitis
1039 844 1104 928 ijs.
1135 855 1169 910 et
1198 856 1250 909 est
1284 846 1326 909 de
1355 845 1455 909 feodo

353 948 504 1016 Lincoln.
549 951 635 1019 Clai.
682 950 813 1015 Ibidem
844 949 1006 1014 Tristram
1035 951 1080 1014 de
1106 950 1255 1013 Fraxino
1280 950 1382 1015 debet
1411 950 1454 1013 ad

352 1055 497 1119 wardam
514 1053 623 1119 Castri
639 1054 813 1119 dimidiam
827 1074 972 1118 marcam
989 1054 1074 1118 inira
1085 1074 1211 1117 annum
1226 1064 1260 1117 et
1269 1053 1455 1119 dimidium.

416 1158 561 1223 Iklinton
598 1158 781 1243 [Ickleton]
813 1169 863 1222 est
898 1162 942 1224 de
971 1159 1097 1223 honore
1127 1158 1288 1235 Bononie,
1316 1169 1351 1222 et
1386 1178 1452 1222 non

351 1263 452 1327 debet
478 1275 603 1329 sectam
630 1285 738 1348 neque
761 1264 924 1329 auxilium
947 1264 1159 1340 vicecomitis,
1186 1264 1245 1327 sed
1269 1265 1370 1329 debet
1396 1285 1454 1347 per

351 1388 475 1433 annum
496 1370 562 1452 ijs.
584 1371 626 1434 de
647 1370 849 1453 wardipeny,
871 1380 905 1433 et
927 1380 1006 1433 sunt
1029 1370 1153 1434 ibidem
1176 1390 1246 1433 .xx.
1268 1369 1346 1434 hide
1367 1379 1453 1433 terre

351 1491 417 1534 non
434 1473 616 1556 geldabiles
632 1485 665 1539 et
681 1484 731 1539 est
747 1474 871 1538 ibidem
887 1474 916 1556 .j.
932 1474 1011 1539 hida
1026 1473 1202 1557 geldabiiis
1217 1492 1317 1557 quem
1334 1472 1453 1538 Abbas

350 1572 392 1637 de
409 1575 556 1639 Derham
572 1586 665 1641 tenet
680 1586 714 1641 et
730 1578 885 1660 priorissa
900 1577 944 1641 de
958 1577 1085 1641 eadem.

414 1678 614 1745 Dukeswrth
628 1680 824 1765 [DuxiordJ.
872 1680 1024 1745 Heredes
1040 1682 1173 1747 Gaudiii
1185 1689 1300 1746 tenent
1316 1682 1450 1745 feodum

349 1782 478 1847 dimidii
514 1783 628 1848 militis
657 1785 700 1848 de
730 1784 856 1847 honore
887 1785 1119 1861 Richmondie,
1148 1796 1183 1849 et
1213 1783 1379 1849 Radulitrs
1407 1785 1452 1849 de

351 1886 476 1952 Saham
504 1898 595 1952 tenet
619 1888 709 1953 aliud
736 1889 912 1952 dimidium
944 1890 1078 1953 feodum
1110 1890 1225 1953 militis
1254 1891 1297 1953 dc
1326 1888 1452 1953 honore

351 1992 573 2057 Richmondie
595 2003 628 2056 et
651 1992 752 2058 debet
773 1994 799 2057 .i.
825 2002 960 2068 sectam,
980 2003 1015 2057 et
1035 1994 1078 2056 de
1098 1992 1225 2056 anxilio
1248 1994 1452 2057 vicecomitis

349 2096 413 2177 .ij.s.
461 2096 590 2161 Ibidem
606 2095 773 2179 Jordanus
787 2096 832 2159 de
852 2095 1038 2160 Aubernnn
1062 2104 1154 2159 tenet
1169 2097 1345 2160 dimidium
1362 2096 1450 2162 feodi

348 2199 377 2282 .j.
394 2201 507 2265 militis
522 2200 564 2264 de
580 2200 713 2265 Comite
729 2200 927 2263 Marescalio
942 2210 976 2263 et
992 2220 1058 2263 non
1079 2199 1180 2264 debet
1201 2211 1326 2265 sectam
1343 2222 1451 2285 neque

348 2305 520 2369 auxilium.
568 2305 696 2369 Ibidem
713 2306 869 2369 Andreas
885 2305 916 2368 le
933 2305 1026 2389 Goys
1042 2314 1134 2369 tenet
1150 2305 1285 2370 feodum
1294 2308 1323 2371 .i.
1336 2307 1450 2371 militis

347 2409 390 2474 de
411 2410 509 2475 feodo
531 2410 725 2494 Hardewyn
746 2410 789 2474 de
814 2409 978 2487 Scaiariis,
992 2419 1027 2473 et
1048 2412 1150 2475 debet
1168 2412 1196 2476 .i.
1211 2421 1337 2476 sectam
1358 2414 1450 2476 etde

347 2619 481 2684 Radulfi
498 2620 540 2683 de
557 2620 681 2685 Saham
697 2630 731 2684 et
744 2618 853 2683 Alicie
868 2618 911 2682 de
928 2619 1119 2682 Fumeuiila
1134 2628 1169 2683 et
1184 2618 1308 2683 debent
1323 2631 1447 2686 sectam

346 2735 379 2788 et
396 2725 601 2807 pontagium.
646 2725 692 2788 Et
708 2734 784 2789 sunt
801 2724 924 2788 ibidem
944 2745 1004 2807 per
1022 2734 1131 2789 toturn
1147 2746 1216 2789 arx.
1231 2725 1318 2790 hide
1363 2725 1451 2791 ctat.

347 2831 439 2893 Prior
468 2830 511 2894 de
542 2829 735 2893 Witlessord
772 2840 866 2894 tenet
900 2831 929 2893 .i.
959 2830 1123 2911 virgatam
1161 2839 1246 2893 terre
1275 2830 1318 2894 de
1348 2830 1448 2895 feodo

347 2935 504 2999 Wilielmi
528 2934 571 2998 de
594 2934 757 2999 Coleuilla
779 2946 813 2999 et
836 2934 937 2998 debet
959 2943 1085 2997 sectam
1109 2942 1143 2997 ct
1165 2936 1372 3018 pontagium.

420 3039 611 3123 Witlessord
644 3037 916 3123 [Whittlessord].
966 3038 1079 3121 Roget
1115 3038 1158 3103 de
1195 3039 1320 3121 Akeny
1356 3048 1449 3103 tenet

345 3146 527 3209 manerium
538 3145 581 3209 de
592 3144 785 3209 Witlesford
798 3144 841 3207 de
854 3143 1001 3208 Raduiso
1010 3145 1053 3207 de
1068 3143 1190 3227 Thony
1201 3164 1259 3227 per
1267 3145 1449 3227 socagium,

345 3250 391 3314 ita
421 3252 510 3333 quod
538 3250 638 3314 debet
664 3249 751 3334 [ire]¹
778 3270 854 3314 cum
883 3249 1033 3334 predicto
1061 3248 1208 3313 Radulio
1234 3251 1267 3311 in
1296 3250 1447 3315 exercitu

344 3356 480 3439 quando
503 3356 591 3419 idem
614 3355 777 3419 Radulsus
799 3355 860 3419 ibit
879 3374 956 3418 cum
975 3354 1113 3417 domino
1130 3353 1224 3436 Rege
1239 3355 1273 3417 ln
1288 3356 1448 3419 exercitu.

345 3460 391 3525 Et
416 3462 540 3526 ibidem
561 3470 639 3526 sunt
661 3460 729 3544 hij.
749 3460 828 3526 hide
845 3470 931 3525 terre
954 3480 1021 3523 non
1048 3459 1239 3543 geldabiles.
1285 3460 1396 3524 Debet
1419 3460 1449 3543 .j.

343 3576 477 3630 sectam.
1384 3621 1387 3625 ,

409 3669 551 3735 Sauston
588 3665 780 3752 [Sawston].
827 3665 991 3731 Ricardus
1027 3664 1072 3729 de
1108 3665 1313 3730 Attaueston
1354 3675 1448 3731 tenet

343 3774 440 3840 seoda
463 3774 503 3857 ij.
527 3773 669 3838 militum
692 3773 736 3837 de
758 3771 897 3836 domino
921 3771 1014 3853 Rege
1037 3771 1070 3833 in
1094 3771 1214 3854 capite,
1236 3780 1270 3835 et
1293 3771 1396 3835 debet
1417 3772 1447 3853 .j.

342 3888 477 3956 sectam,
491 3888 526 3943 et
541 3878 584 3942 de
599 3877 726 3943 auxilio
745 3876 951 3941 vicecomitis
971 3874 1038 3958 ‚ijs
1054 3894 1113 3958 per
1128 3895 1263 3939 annum.
1308 3876 1354 3940 Et
1369 3886 1447 3941 sunt

341 3984 387 4048 ibi
404 3983 467 4067 iiij.
483 3984 572 4067 hyde
587 3981 780 4065 geldabiles.
819 3980 950 4044 Ibidem
967 3979 1136 4043 Robertus
1147 3979 1191 4043 de
1207 3978 1338 4045 Someri
1353 3990 1447 4045 tenet

341 4088 382 4171 ij.
398 4098 509 4172 partes
524 4087 564 4169 ij.
582 4087 723 4149 militum
740 4086 783 4149 de
799 4084 898 4147 feodo
919 4083 1060 4148 Comitis
1077 4083 1192 4159 Esseii,
1213 4094 1247 4147 et
1262 4104 1328 4147 non
1344 4084 1446 4149 debet

341 4203 466 4257 sectam
497 4211 605 4275 neque
642 4190 814 4254 auxilium.
860 4186 977 4251 Abbas
1007 4186 1050 4250 de
1087 4186 1252 4270 Gresteyn
1284 4198 1376 4251 tenet
1407 4190 1446 4252 ,ii

340 4297 448 4381 hydas
463 4306 549 4361 terre
565 4297 597 4359 In
619 4295 847 4368 elemosinam,
867 4302 902 4355 et
922 4302 999 4354 sunt
1022 4291 1148 4355 ibidem
1169 4312 1229 4375 per
1243 4302 1352 4356 totum
1369 4293 1446 4375 viij.

340 4404 418 4466 hide
432 4411 525 4467 terre.

616 4502 626 4535 ¹
642 4503 743 4563 habere,
755 4502 814 4553 MS.
847 4503 896 4555 See
908 4502 968 4553 Rot.
982 4500 1071 4552 Hnnd.
1082 4502 1109 4552 ii.
1121 4514 1178 4567 571.
