3234 5059
152 374 215 474 111]
381 376 522 474 Europ
557 376 727 452 Willz'um
752 377 796 450 de
821 378 1015 476 Kilkenny
1188 399 1257 471 147

219 567 264 630 Et
276 587 352 631 cum
365 577 559 650 procurator
570 568 734 632 dictorum
747 579 964 633 executorum
981 578 1108 652 peteret
1123 569 1259 632 nomine

154 669 364 735 dominorum
395 693 530 736 suorum
561 692 581 735 a
612 672 748 757 prefatis
774 673 936 755 religiosis
965 683 1099 738 centurn
1131 691 1259 736 marcas

153 775 395 858 sterlingorum,
424 777 457 839 in
488 777 609 859 quibus
640 777 740 840 iidem
772 777 916 860 religiosi
947 775 1075 860 prefato
1101 777 1259 859 episcopo

154 879 234 942 dum
251 881 378 943 uiueret
393 901 437 944 ex
454 901 554 944 causa
573 882 679 943 mutui
700 880 902 944 tenebantur
921 892 955 944 et
976 880 1084 945 adhuc
1104 890 1261 944 tenentur

155 993 191 1046 ut
206 982 347 1060 dicebat,
364 985 473 1048 dictus
489 993 682 1066 procurator
697 985 863 1047 dictorum
880 985 1107 1068 religiosorum
1123 982 1259 1048 confite·

155 1087 251 1150 batur
272 1088 407 1152 nomine
427 1087 638 1151 dominorum
661 1107 796 1150 suorum
814 1089 949 1151 eosdem
967 1088 1138 1170 religiosos
1153 1086 1259 1150 teneri

156 1189 285 1273 prefato
314 1191 471 1274 episcopo
502 1200 535 1255 et
565 1190 801 1254 executoribus
832 1191 980 1254 eiusdem
1015 1191 1048 1254 in
1083 1190 1260 1272 sexaginta
1274 1189 1425 1291 flgffiffffi

156 1303 190 1357 et
215 1296 469 1376 quatuordecim
498 1295 616 1356 marcis
643 1293 876 1376 sterlingorum
902 1315 946 1357 ex
973 1315 1073 1356 causa
1103 1293 1261 1375 predicta,
1274 1291 1417 1394 ⁰222&

157 1417 305 1462 asserens
329 1419 414 1463 .xx.
439 1398 539 1462 libras
562 1398 719 1481 predictis
743 1397 889 1460 dominis
912 1398 980 1460 suis
1003 1398 1036 1461 in
1059 1405 1262 1462 testamento
1274 1354 1409 1484 3²22&

158 1505 331 1566 memorati
363 1503 510 1585 episcopi
541 1523 613 1565 esse
640 1502 777 1584 legatas
808 1511 927 1583 petens
957 1501 1091 1565 easdem
1118 1501 1263 1565 dominis
1276 1492 1410 1595 ssfftffi'g

157 1609 224 1670 suis
240 1608 273 1670 in
290 1607 419 1691 prelato
434 1607 549 1670 debito
565 1607 706 1670 allocari.
754 1607 800 1670 Et
820 1626 895 1668 cum
917 1625 1128 1688 quereremus
1149 1627 1170 1669 a
1190 1626 1262 1688 pre-

157 1709 226 1774 fato
250 1721 461 1794 procuratore
486 1711 649 1774 dictorum
676 1718 896 1773 executorum
923 1710 950 1772 si
977 1719 1108 1773 tantum
1135 1709 1261 1773 eisdem

158 1814 191 1877 in
218 1813 309 1876 dicto
335 1821 538 1877 testamento
565 1820 652 1875 esset
678 1812 838 1894 legatum,
864 1812 953 1875 idem
981 1820 1174 1894 procurator
1198 1810 1263 1874 hoc

159 1937 272 1981 uerum
289 1937 361 1981 esse
377 1915 605 1980 confitebatur.
652 1914 804 1978 Partibus
820 1935 920 1997 super
935 1915 1102 1998 premissis
1123 1914 1263 1998 petenti·

158 2022 220 2085 bus
255 2023 345 2104 quod
385 2042 445 2085 nos
483 2019 687 2084 sentenciam
726 2019 931 2096 terreremus,
961 2040 1022 2083 nos
1059 2021 1263 2084 sentenciam

158 2124 295 2190 tulimus
318 2125 465 2189 subhac
488 2125 602 2188 sorma.

214 2264 247 2316 ln
261 2261 374 2316 nomine
390 2259 496 2314 domini
509 2261 609 2315 Amen.
647 2259 759 2314 Auditis
777 2268 804 2313 et
821 2259 969 2314 intellectis
985 2259 1092 2314 meritis
1108 2275 1193 2316 cause
1209 2277 1331 2331 quoq-1,e
1471 2325 1474 2330 ¹

158 2351 275 2405 uertitur
287 2348 359 2404 inter
373 2358 533 2403 executores
545 2347 707 2402 testamenti
720 2348 794 2402 bone
806 2348 942 2402 memorie
957 2347 1064 2401 domini
1077 2347 1210 2403 Willelmi
1227 2349 1264 2404 de
1277 2334 1431 2430 ξζξῑξξξηοῑ

161 2437 294 2493 Killrenni
311 2436 455 2508 quondam
474 2435 604 2505 Elyensis
620 2435 746 2506 episcopi
763 2453 797 2491 ex
814 2445 893 2506 parte
909 2452 974 2504 vna,
986 2447 1015 2491 et
1031 2436 1175 2508 religiosos
1188 2438 1263 2493 viros

161 2525 286 2580 Priorem
298 2534 326 2580 et
341 2525 520 2579 Conuentum
533 2524 569 2578 de
583 2524 753 2579 Bernewelle
766 2541 799 2578 ex
811 2525 907 2592 altera,
921 2527 1113 2582 consessiones
1125 2525 1265 2581 dictorum

159 2623 371 2685 procuratorum
393 2611 489 2678 secuti,
507 2611 637 2666 deductis
658 2611 694 2666 de
716 2613 862 2680 sexaginta
883 2622 910 2666 et
929 2613 1144 2684 quatuordecim
1162 2614 1265 2668 marcis

159 2701 293 2772 predictis
311 2699 411 2770 viginti
429 2699 507 2754 libris
525 2699 640 2771 prelatis
660 2699 797 2768 religiosis
816 2701 845 2754 in
867 2700 944 2756 dicto
965 2712 1135 2757 testamento
1156 2703 1265 2772 legatis,
1279 2704 1296 2754 f.
1310 2703 1365 2766 54b

160 2788 281 2844 eundern
303 2796 511 2858 procuratorem
533 2787 672 2841 dictorum
693 2789 895 2858 religiosorum,
917 2799 945 2844 et
970 2790 1047 2860 ipsos
1069 2789 1214 2858 religiosos
1237 2790 1265 2844 in
1279 2764 1413 2860 'fffiggiff

161 2893 310 2948 personam
331 2877 373 2929 sui
392 2875 579 2945 procuratoris
598 2875 626 2929 in
645 2876 833 2946 quadraginta
851 2888 879 2932 et
898 2887 1017 2947 quatuor
1034 2877 1137 2932 marcis
1156 2889 1266 2932 senten·
1280 2870 1426 2968 ”mmm

161 2963 268 3018 cialiter
285 2973 312 3017 et
331 2963 478 3017 diffinitiue
497 2963 748 3032 condempnamus,
760 2980 778 3016 a
797 2964 916 3018 residuis
933 2982 966 3018 ex
984 2976 1063 3035 parte
1079 2965 1266 3036 procuratoris
1280 2931 1364 3057 itu?
1373 2967 1416 3007 ue-

162 3052 300 3108 dictorum
319 3060 498 3106 executonrm
517 3051 612 3120 petitis
631 3062 658 3105 et
677 3052 705 3105 in
724 3053 842 3106 articulo
859 3052 999 3106 contentis
1016 3053 1224 3107 sentencialiter
1239 3063 1268 3109 et
1281 3019 1340 3122 iiii.
1357 3022 1431 3066 mer,

162 3139 317 3205 diffinitiue,
328 3139 363 3193 de
375 3155 514 3193 consensu
527 3139 715 3209 procuratoris
728 3140 867 3194 dictorum
880 3150 1067 3208 executorum,
1079 3141 1267 3208 absoluentes‚

162 3228 325 3300 prefigendo
349 3225 522 3296 procuratori
552 3227 692 3281 dictorum
721 3227 915 3297 religiosorum
945 3228 1060 3282 nomine
1090 3227 1268 3283 dominorum

162 3333 276 3371 suorum
295 3324 322 3369 et
341 3315 409 3384 ipsis
428 3313 456 3367 in
476 3330 626 3384 personam
644 3313 711 3369 dicti
730 3315 919 3383 procuratoris
937 3314 1072 3369 terminos
1091 3315 1128 3368 ad
1146 3315 1268 3385 prefatas

162 3401 350 3475 quadraginta
366 3411 393 3456 et
410 3410 530 3472 quatuor
545 3417 656 3456 marcas
673 3401 860 3456 soluendum:
884 3402 991 3456 scilicet
1008 3402 1037 3456 in
1050 3403 1193 3474 quindena
1204 3414 1269 3472 post

160 3492 265 3548 festum
283 3489 488 3560 purificacionis
505 3490 588 3544 beate
601 3490 689 3545 marie
702 3490 831 3560 proximo
847 3499 967 3545 uentura
983 3490 1081 3546 decern
1095 3491 1181 3546 libras
1193 3492 1268 3562 apud

164 3580 315 3634 Balesham
330 3577 446 3647 Elyensi
458 3577 592 3644 dyocesi3
611 3588 640 3633 et
657 3578 684 3631 in
703 3578 848 3649 quindena
865 3579 975 3634 Pasche
992 3580 1119 3648 proximo
1135 3589 1270 3649 sequente

162 3667 306 3722 residuum
331 3665 435 3720 ibidem
461 3667 514 3721 sub
538 3681 612 3736 pena
635 3665 948 3732 excommunicacionis,
973 3683 1059 3736 quam
1084 3683 1117 3720 ex
1141 3684 1216 3722 nunc
1240 3668 1269 3720 in

166 3754 290 3810 Priorem
320 3753 495 3823 subpriorem
524 3763 551 3808 et
576 3753 724 3808 sacristam
751 3754 918 3824 proterimus
948 3753 972 3808 si
1003 3753 1032 3808 in
1060 3755 1204 3809 solucione
1233 3754 1270 3808 ad

164 3842 287 3913 aliquem
302 3841 452 3895 terminum
469 3840 658 3904 cessauerint;
683 3858 793 3895 necnon
812 3841 865 3895 sub
881 3858 955 3911 pena
972 3841 1097 3912 quinque
1113 3858 1271 3896 marcarum

164 3931 298 4002 quociens
319 3930 349 3984 in
374 3927 518 3984 solucione
538 3929 693 3985 defecerint
718 3929 746 3982 in
769 3928 927 3984 subsidium
947 3939 1020 3984 terre
1042 3940 1139 3984 sancte
1161 3929 1271 3984 soluen-

164 4019 272 4074 darum
323 4017 401 4086 Quos
426 4017 561 4071 terminos
585 4027 748 4087 procurator
777 4017 917 4072 dictorum
946 4017 1141 4087 religiosorum
1170 4027 1272 4087 sponte

165 4106 280 4162 admisit
298 4107 351 4160 sub
370 4106 450 4175 penis
469 4105 626 4160 antedictis.
665 4106 776 4176 Quibus
798 4106 989 4161 solucionibus
1010 4107 1093 4161 iactis
1111 4107 1273 4161 restituetur

166 4195 249 4250 dictis
259 4193 395 4262 religiosis
405 4193 486 4247 litera
495 4192 663 4261 obligatoria
672 4210 756 4263 super
766 4202 879 4247 centum
889 4195 991 4248 marcis
1001 4193 1135 4263 predictis
1144 4193 1273 4250 coniecta

166 4281 242 4353 apud
261 4281 421 4336 Balesham.
461 4281 494 4334 In
513 4279 592 4334 cuius
611 4280 650 4334 rei
669 4280 862 4334 testimonium
884 4279 1008 4350 sigillum
1027 4280 1126 4350 prefati
1146 4279 1273 4350 magistri

167 4368 327 4438 Reymundi
346 4367 452 4423 domini
470 4367 534 4434 mei,
547 4383 604 4420 vna
622 4385 686 4423 cum
706 4367 805 4438 sigillis
825 4367 964 4423 dictorum
982 4379 1193 4439 procuratorum
1212 4387 1275 4440 pre·

167 4455 294 4510 sentibus
312 4465 355 4508 est
373 4469 538 4524 appensum.
577 4454 684 4508 Datum
702 4471 777 4508 anno
794 4464 823 4508 et
841 4454 904 4507 loco
922 4454 1099 4525 supradictis.

1096 4588 1191 4628 10-2
