3234 5059
198 390 271 489 vir]
504 394 542 466 T
535 403 664 468 manls
692 393 732 466 in
758 394 982 491 Madr'ngley
1229 416 1300 484 309

196 587 282 641 terre
297 580 339 641 de
354 578 473 642 eodem
491 577 597 655 feodo,
606 588 640 642 et
658 577 768 641 reddit
784 579 863 641 inde
879 597 1077 661 perannum
1094 577 1135 659 .ij.
1148 576 1302 641 denarios

196 681 342 746 obolum.

261 789 431 871 Johannes
444 788 529 853 filius
542 788 669 853 Albrici
681 799 773 853 tenet
785 811 827 853 .x.
839 809 932 853 acras
947 797 1041 864 terre,
1050 798 1084 852 et
1100 788 1209 853 reddit
1224 788 1302 853 inde

197 912 256 975 per
270 913 395 957 annum
413 915 450 957 .v.
466 893 591 957 solidos
605 904 640 957 et
655 894 740 957 duos
755 913 902 977 capones
918 894 960 956 ad
979 892 1108 957 Natale

266 998 431 1061 Henrieus
461 996 548 1061 iilius
574 996 706 1061 Thome
732 997 920 1079 Attegrene
945 1006 1038 1061 tenet
1063 1018 1163 1061 vnam
1190 1018 1300 1062 acram

196 1108 282 1164 terre
296 1110 330 1166 et
345 1121 447 1165 vnum
463 1100 623 1177 clausum,
634 1110 668 1165 et
684 1100 793 1165 reddit
808 1102 887 1165 inde
902 1121 962 1184 per
979 1122 1104 1165 annum
1117 1125 1155 1165 .v.
1167 1102 1300 1167 solidos.

263 1199 430 1263 Robertus
447 1200 568 1264 Heued
590 1209 682 1264 tenet
697 1222 739 1263 .x.
755 1220 850 1264 acras
864 1210 959 1276 terre,
974 1210 1008 1265 et
1024 1201 1133 1266 reddit
1149 1202 1226 1266 inde
1241 1222 1301 1286 per

195 1321 320 1367 annum
336 1325 374 1368 .v.
389 1303 514 1367 solidos
530 1312 563 1367 et
578 1304 618 1386 .ij.
635 1324 779 1387 capones
794 1306 837 1369 ad
854 1304 985 1369 Natale.

261 1409 407 1491 Jacobus
441 1408 528 1472 filius
559 1408 699 1474 Galfridi
732 1408 848 1473 Priour
883 1418 974 1473 tenet
1004 1430 1105 1474 vnum
1141 1410 1299 1487 clausum,

194 1523 229 1577 et
255 1512 365 1578 reddit
390 1513 469 1577 inde
494 1533 553 1596 per
578 1532 704 1577 annum
731 1511 782 1594 .vj.
808 1513 933 1577 solidos
959 1523 993 1578 et
1018 1514 1060 1597 .ij.
1084 1535 1229 1598 capones
1254 1516 1298 1580 ad

196 1617 326 1683 Natale

262 1723 414 1806 Rogerus
434 1723 540 1805 Terry
556 1731 648 1787 tenet
663 1742 764 1785 vnum
787 1722 947 1799 clausum,
963 1732 997 1786 et
1018 1722 1127 1787 reddit
1144 1722 1221 1787 inde
1241 1744 1299 1807 per

195 1848 319 1892 annum
336 1828 390 1892 .xi.
405 1828 560 1891 denarios
575 1837 609 1891 et
623 1827 670 1911 .ij.,
681 1847 824 1910 capones
841 1830 884 1892 ad
901 1827 1030 1891 Natale

261 1933 427 1997 Henrieus
446 1932 648 2016 Capelianus
670 1941 763 1997 tenet
782 1954 825 1995 .x.
846 1952 938 1995 acras
957 1940 1051 2009 terre,
1071 1940 1105 1995 et
1126 1930 1235 1997 reddit
1254 1933 1298 1996 ad

194 2038 381 2120 scutagium
396 2037 476 2102 .xiii.
490 2036 645 2101 denarios
661 2035 724 2119 [et]
739 2036 969 2119 quadrantem.
1310 2040 1389 2105 ἱππ

260 2140 403 2207 Matilda
419 2139 619 2205 Brendhand
635 2148 727 2203 tenet
742 2138 914 2223 quoddam
935 2114 1085 2203 clausuin
1101 2160 1177 2204 cum
1193 2140 1298 2205 crofta

193 2246 375 2324 adiacente,
390 2256 424 2310 et
439 2245 549 2309 reddit
563 2243 641 2309 inde
657 2265 715 2328 per
729 2264 855 2308 annum
865 2244 918 2327 .iij.
930 2244 1055 2309 solidos
1067 2244 1119 2328 .iij.
1134 2244 1297 2325 denarios,

193 2359 226 2414 et
242 2349 270 2433 .j.
287 2371 459 2433 caponem.

259 2453 425 2518 Walterus
448 2453 480 2516 le
503 2451 620 2516 Bonde
642 2462 735 2517 tenet
756 2471 857 2516 vnam
879 2451 1052 2516 dimidiam
1077 2472 1187 2517 acram
1212 2464 1298 2518 terre

194 2557 237 2620 de
263 2556 361 2621 feodo
387 2556 431 2621 de
453 2555 665 2633 Brendhand,
687 2566 722 2620 et
747 2555 857 2620 reddit
885 2556 963 2621 inde
992 2577 1050 2639 per
1079 2577 1205 2622 annum
1232 2558 1298 2642 .iiij.

193 2662 354 2725 denarios„

260 2765 427 2829 Walterus
439 2764 640 2848 Capelianus
652 2772 745 2828 tenet
756 2762 928 2845 quoddam
941 2763 1090 2829 clausum
1104 2786 1180 2829 cum
1193 2765 1298 2831 crofta

193 2870 375 2946 adiacente,
398 2878 432 2933 et
458 2869 568 2933 reddit
592 2868 670 2932 inde
695 2888 755 2950 per
780 2886 906 2931 annum
929 2868 997 2951 .xij.
1020 2867 1174 2934 denarios
1198 2880 1231 2937 et
1255 2871 1297 2954 .ij.

192 2995 338 3058 capones
353 2973 396 3036 ad
413 2972 544 3037 Natale

259 3077 447 3141 Willelmus
481 3075 683 3141 Alisaundre
717 3086 809 3140 tenet
839 3096 941 3140 vnum
978 3079 1186 3162 mesuagium
1222 3100 1297 3145 cum

194 3183 298 3248 crofta
328 3193 363 3247 et
388 3182 441 3265 .iij.
467 3182 551 3245 acris
580 3191 674 3257 terre,
700 3191 734 3245 et
764 3181 873 3247 reddit
904 3182 982 3246 inde
1008 3203 1067 3265 per
1092 3204 1217 3249 annum
1245 3184 1297 3268 .iij.

192 3288 325 3352 solidos.

260 3392 411 3473 Rogerus
426 3389 611 3454 Vendhout
631 3397 723 3453 tenet
737 3389 800 3473 .vij.
816 3410 909 3454 acras
925 3400 1010 3454 terre
1025 3400 1059 3455 et
1074 3392 1247 3457 dimidiam
1263 3402 1298 3458 et

193 3516 293 3561 vnam
321 3496 446 3572 rodam,
472 3504 507 3559 et
532 3493 643 3559 reddit
670 3493 749 3558 inde
774 3516 834 3578 per
860 3514 985 3559 annum
1010 3495 1111 3578 ,xlvij.
1135 3495 1297 3575 denarios,

192 3601 422 3685 quadrantem,
437 3608 471 3664 et
485 3597 527 3682 .ij.
542 3619 696 3682 capones.

260 3705 428 3769 Robertus
462 3704 590 3768 Alberd
626 3714 718 3769 tenet
752 3704 924 3788 quoddam
961 3706 1168 3789 mesuagium
1206 3706 1296 3791 quod

195 3810 358 3875 Ricardus
383 3809 479 3875 Scrik
504 3809 611 3901 tenuit
633 3818 668 3873 et
690 3807 720 3891 .j.
743 3829 856 3873 acram
882 3820 916 3874 et
941 3809 1115 3874 dimidiam
1140 3821 1174 3875 et
1196 3832 1295 3877 vnam

194 3916 309 3980 rodam
336 3924 430 3992 terre,
454 3922 488 3979 et
514 3913 623 3978 reddit
650 3913 729 3979 inde
754 3934 814 3996 per
839 3933 965 3978 annum
989 3912 1040 3995 .vj.
1063 3912 1188 3978 solidos
1211 3925 1246 3979 et
1267 3914 1298 3997 .j.

192 4038 364 4103 caponem.

257 4122 404 4206 Jacobus
419 4121 507 4186 filius
520 4121 658 4186 Henrici
673 4132 767 4189 tenet
782 4121 954 4205 quoddam
970 4121 1129 4199 clausum,
1138 4132 1172 4186 et
1187 4123 1297 4189 reddit

193 4230 272 4293 inde
286 4248 346 4311 per
360 4246 485 4291 annum
501 4226 530 4308 .j.
546 4247 717 4310 caponem.

259 4334 411 4415 Rogerus
441 4330 527 4396 iilius
558 4332 722 4396 Cristiane
751 4342 843 4396 tenet
869 4352 969 4395 vnam
997 4333 1112 4397 rodam
1143 4341 1236 4409 terre,
1263 4341 1296 4396 et

193 4437 302 4503 reddit
317 4436 396 4500 inde
411 4456 470 4519 per
484 4455 609 4500 annum
625 4436 699 4519 .viij.
715 4436 877 4503 denarios
