3234 5059
182 355 245 455 111]
370 358 449 431 The
473 359 624 433 Barons
649 357 820 432 holdthe
845 359 922 432 lslc
947 359 1090 458 osEly
1220 384 1283 434 121

248 544 327 609 Post
348 546 676 609 consummacionem
697 567 814 629 guerre
830 546 986 610 dominus
1003 546 1191 611 Willelmus
1209 547 1288 610 Bar·
1302 560 1397 652 3331„

181 647 255 711 dolf
273 647 484 712 confirmauit
505 671 563 733 per
583 660 709 714 cartam
731 670 826 715 suam
849 650 953 713 Priori
976 659 1010 713 et
1034 651 1222 716 Conuentui
1246 649 1345 752 deth
1363 671 1424 752 wop·-

182 753 383 816 Bernewelle
410 773 527 816 omnes
554 763 657 818 terras
685 763 718 818 et
746 763 939 819 tenementa
969 774 1044 819 curn
1076 753 1453 853 pertinencijsgqeggqfhe

180 877 245 939 que
260 857 447 921 habuerunt
463 858 497 920 in
510 857 720 940 Wygenhale
734 878 779 921 ex
795 857 886 921 dono
902 857 1063 921 Willelmi
1080 857 1137 938 filij
1153 857 1289 922 Oliueri.

182 961 228 1025 Et
243 971 320 1043 post
336 971 478 1026 mortem
495 962 598 1045 ipsius
615 963 775 1026 Willelmi
793 961 934 1026 Bardolf
953 961 1039 1026 filius
1059 964 1129 1027 eius
1145 972 1179 1026 et
1194 962 1289 1027 heres

180 1065 336 1130 dominus
360 1064 551 1129 Willelmus
579 1064 719 1129 Bardoll
745 1066 865 1128 iterum
889 1064 1099 1130 confirmauit
1123 1068 1157 1130 in
1181 1065 1289 1129 forma

181 1168 308 1233 meliori
339 1188 440 1251 quam
471 1178 567 1252 pater
596 1169 676 1245 eius,
702 1170 887 1233 secundum
914 1171 1004 1252 quod
1036 1171 1225 1234 continetur
1254 1171 1288 1234 in

181 1293 296 1337 eorum
321 1274 558 1338 instrumentis.
1300 1280 1363 1344 iss

465 1529 513 1595 33.
560 1515 613 1578 De
634 1513 778 1579 incendio
800 1512 840 1577 de
862 1514 1003 1579 Brunne.

250 1677 288 1740 In
300 1686 452 1760 tempore
465 1676 522 1739 illo
533 1686 606 1741 orta
618 1685 670 1741 est
686 1677 851 1740 dissencio
863 1697 986 1760 magna
1002 1678 1087 1741 inter
1105 1677 1288 1741 Henricum
1303 1696 1422 1790 mque

183 1781 312 1864 Regem
339 1791 373 1845 et
404 1782 551 1845 Barones
581 1803 667 1847 suos.
724 1781 853 1863 Symon
885 1803 965 1846 uero
991 1783 1034 1846 de
1062 1792 1176 1846 monte
1204 1783 1414 1891 sortursrpeerd

183 1884 305 1949 Comes
327 1886 526 1966 Leycestrie,
543 1885 678 1968 collegit
699 1886 741 1949 ad
764 1896 894 1968 partem
915 1906 1010 1951 suam
1026 1895 1143 1950 contra
1159 1886 1287 1969 Regem
1303 1859 1439 1991 {33:335}

183 1990 305 2052 multos
318 2000 351 2053 et
363 1999 526 2072 potentes,
539 1999 572 2054 et
584 1992 779 2073 lnceperunt
794 2013 840 2054 ex
852 2000 992 2074 utraque
1004 2000 1098 2073 parte
1114 1990 1289 2073 depredari
1303 1999 1402 2101 idid?

182 2093 277 2156 villas
307 2103 341 2157 et
374 2093 522 2157 maneria
553 2094 696 2177 plurium
733 2094 948 2177 depopulare,
977 2095 1130 2177 captiuos
1165 2094 1289 2158 multos
1304 2100 1392 2151 Henu
1402 2100 1451 2142 111·

182 2208 296 2261 tenere
317 2207 352 2261 et
375 2199 589 2281 Inprisonare‚
610 2198 719 2279 plures
744 2198 935 2274 Interficere
956 2208 990 2262 et
1013 2200 1120 2263 multa
1143 2198 1287 2262 malain

182 2300 322 2364 diuersis
352 2302 502 2384 partibus
533 2301 658 2384 Anglie
689 2301 804 2366 iacere.
859 2301 1074 2385 Quapropter
1101 2303 1289 2386 Episcopus

184 2402 348 2487 Elyensis,
368 2425 413 2467 ex
435 2413 593 2487 precepto
614 2405 726 2488 Regis,
747 2404 825 2469 iecit
851 2406 997 2470 Insulam
1021 2409 1196 2485 custodire,
1215 2408 1289 2471 bar·
1304 2433 1371 2476 now
1379 2434 1422 2476 ure

183 2527 271 2570 reras
294 2527 354 2590 per
376 2507 524 2571 diuersas
548 2517 658 2590 partes
684 2507 797 2570 Insule
821 2518 1020 2584 construere,
1036 2520 1070 2574 et
1093 2531 1149 2573 eas
1172 2510 1227 2574 die
1250 2530 1289 2573 ac
1302 2484 1452 2577 ibiibi&

184 2621 283 2676 nocte
298 2631 373 2674 cum
392 2631 492 2675 manu
514 2622 643 2675 armata
663 2611 839 2676 custodire.
886 2614 1034 2677 Barones
1053 2635 1132 2678 uero
1147 2616 1289 2679 scientes
1301 2585 1445 2686 fflffbut

186 2715 333 2780 Insulam
350 2715 436 2779 bene
451 2717 625 2793 munitam,
640 2725 674 2779 et
695 2715 857 2797 refugium
875 2737 947 2780 esse
965 2727 1177 2800 oportunum,
1192 2727 1289 2782 caute
1302 2687 1432 2788 ῗῖἶῖἰῗῗῖ

183 2820 383 2884 studuerunt
398 2820 430 2882 in
449 2839 523 2882 eam
540 2821 682 2894 introire,
699 2819 789 2902 quod
811 2821 946 2902 quidem
963 2822 1124 2904 paulatim
1140 2832 1176 2886 et
1191 2822 1290 2886 ualde
1301 2789 1425 2931 Ξέῗιῖῗα

184 2937 280 2990 caute
308 2925 463 2989 fecerunt
520 2926 662 3008 Ingressi
691 2945 771 2988 uero
799 2924 947 2989 Insulam
975 2937 1136 3010 tanquam
1162 2927 1289 2991 domim
1302 2941 1433 2993 mussit-

184 3051 258 3095 eam
274 3030 494 3113 occupabant,
510 3038 543 3093 et
560 3031 721 3093 miserunt
735 3028 858 3092 cotidie
873 3030 1034 3093 satellites
1048 3051 1127 3095 suos
1142 3032 1290 3095 exterius
1303 3010 1453 3113 morey

184 3137 227 3200 ad
249 3135 452 3219 querendam
475 3135 621 3218 predam.
668 3134 713 3198 Et
735 3135 842 3198 multa
863 3134 950 3199 mala
976 3135 1124 3199 iecerunt
1148 3135 1212 3217 hijs
1232 3137 1289 3218 qui
1303 3111 1418 3204 iiiiii?
1418 3124 1432 3154 ⁸

185 3241 284 3322 longe
300 3251 333 3303 et
349 3239 414 3320 hijs
429 3241 486 3322 qui
499 3258 603 3321 prope
615 3248 709 3302 erant
722 3239 754 3301 in
771 3239 927 3302 omnibus
938 3239 1025 3303 villis
1036 3259 1096 3322 per
1107 3240 1289 3303 circuitum.
1303 3213 1438 3314 gqpnever

1303 3314 1412 3365 nvaged

139 3355 143 3364 '
186 3346 318 3409 Diuites
345 3345 434 3418 enim
462 3344 640 3425 capiebant
666 3352 699 3407 et
726 3343 868 3407 uinculis
895 3345 1103 3425 manpratos
1130 3343 1290 3408 tenebant
1302 3364 1427 3466 2333&

183 3448 335 3530 captiuos
351 3465 524 3527 quousque
540 3443 686 3507 Iacerent
701 3443 979 3526 redempcionem.
1025 3444 1118 3509 Oues
1133 3445 1239 3509 eciam
1255 3452 1289 3508 et
1301 3470 1415 3516 munta.

183 3554 294 3628 boues,
315 3551 452 3615 bladum
476 3559 509 3613 et
532 3549 686 3625 brasium,
710 3559 743 3612 et
764 3549 921 3632 quicquid
945 3550 1103 3613 inuadere
1125 3560 1288 3633 poterant,

184 3676 289 3738 usque
313 3657 345 3719 in
372 3653 520 3717 Insulam
543 3652 792 3716 transtulerunt

250 3759 408 3844 Quodam
438 3778 518 3821 uero
547 3758 601 3821 die
632 3758 726 3821 uenit
755 3759 893 3840 quidam
926 3759 1072 3823 ribaldus
1100 3759 1143 3823 de
1175 3760 1289 3824 Insula

185 3864 300 3928 uolens
324 3863 448 3926 malum
471 3861 578 3925 faeere
599 3863 782 3926 secundum
803 3865 985 3938 consueuit,
1000 3873 1034 3928 et
1054 3884 1131 3928 ecce
1151 3864 1289 3949 quidam

184 3967 227 4030 de
258 3967 367 4048 patria
396 3975 558 4028 uenerunt
587 3975 621 4028 et
648 3984 725 4028 eum
756 3974 993 4043 arestauerunt,
1019 3976 1054 4030 et
1083 3968 1192 4050 capud
1219 3969 1289 4031 eius

184 4080 450 4155 amputauerunt.
497 4070 542 4133 Et
563 4079 640 4152 post
661 4089 785 4152 paucos
807 4072 878 4134 dies
898 4072 1053 4135 exierunt
1076 4071 1197 4136 milites
1213 4093 1288 4136 cum

185 4176 399 4241 multitudine
423 4185 636 4250 armatorum,
659 4186 693 4239 et
715 4195 776 4257 per
797 4177 929 4238 dluersa
951 4176 1023 4239 loca
1048 4178 1160 4258 ignem
1185 4197 1288 4259 appo·
1302 4158 1438 4261 ζῗὲξᾱξξέ

184 4290 328 4345 suerunt.
368 4280 522 4344 Tandem
535 4291 697 4343 uenerunt
709 4282 750 4342 ad
765 4283 949 4343 manerIum
963 4280 1083 4343 Prioris
1095 4282 1127 4343 in
1146 4281 1289 4357 Brunne,
1299 4260 1351 4352 {1¹2¹}
1361 4260 1453 4354 ἷῗῖἒῦ.

185 4396 218 4449 et
235 4385 279 4450 ibi
300 4386 411 4467 Ignem
434 4395 669 4467 apposuerunt,
684 4395 718 4447 et
734 4384 850 4447 horrea
868 4383 988 4448 Prioris
1006 4405 1082 4448 cum
1099 4395 1172 4448 toto
1188 4385 1289 4449 blado
1303 4367 1427 4453 ‘33:33⁸'
