<?xml version="1.0" encoding="UTF-8"?>
<!DOCTYPE html PUBLIC "-//W3C//DTD XHTML 1.0 Transitional//EN"
    "http://www.w3.org/TR/xhtml1/DTD/xhtml1-transitional.dtd">
<html xmlns="http://www.w3.org/1999/xhtml" xml:lang="en" lang="en">
 <head>
  <title>
</title>
<meta http-equiv="Content-Type" content="text/html;charset=utf-8" />
  <meta name='ocr-system' content='tesseract 3.04.00' />
  <meta name='ocr-capabilities' content='ocr_page ocr_carea ocr_par ocr_line ocrx_word'/>
</head>
<body>
  <div class='ocr_page' id='page_1' title='image "./libermemorandor00clargoog_0213.png"; bbox 0 0 3234 5059; ppageno 0'>
   <div class='ocr_carea' id='block_1_1' title="bbox 146 354 1261 453">
    <p class='ocr_par' dir='ltr' id='par_1_1' title="bbox 146 354 1261 453">
     <span class='ocr_line' id='line_1_1' title="bbox 146 354 1261 453; baseline 0 -26"><span class='ocrx_word' id='word_1_1' title='bbox 146 354 209 453; x_wconf 86' lang='lat'><em>111]</em></span> <span class='ocrx_word' id='word_1_2' title='bbox 435 357 603 430; x_wconf 70' lang='lat' dir='ltr'>Mura&#39;er</span> <span class='ocrx_word' id='word_1_3' title='bbox 626 357 667 429; x_wconf 85' lang='lat' dir='ltr'>z&#39;n</span> <span class='ocrx_word' id='word_1_4' title='bbox 693 356 846 430; x_wconf 79' lang='lat' dir='ltr'>Bourne</span> <span class='ocrx_word' id='word_1_5' title='bbox 883 356 997 429; x_wconf 86' lang='lat' dir='ltr'>Wood</span> <span class='ocrx_word' id='word_1_6' title='bbox 1197 377 1261 449; x_wconf 84' lang='lat'>145</span> 
     </span>
    </p>
   </div>
   <div class='ocr_carea' id='block_1_2' title="bbox 440 644 951 724">
    <p class='ocr_par' dir='ltr' id='par_1_2' title="bbox 440 644 951 724">
     <span class='ocr_line' id='line_1_2' title="bbox 440 644 951 724; baseline 0.004 -16"><span class='ocrx_word' id='word_1_7' title='bbox 440 645 490 724; x_wconf 80' lang='grc'>65.</span> <span class='ocrx_word' id='word_1_8' title='bbox 537 644 588 708; x_wconf 80' lang='lat' dir='ltr'>De</span> <span class='ocrx_word' id='word_1_9' title='bbox 608 655 710 708; x_wconf 79' lang='lat' dir='ltr'>morte</span> <span class='ocrx_word' id='word_1_10' title='bbox 731 655 951 710; x_wconf 72' lang='lat' dir='ltr'>mrcatoruna</span> 
     </span>
    </p>
   </div>
   <div class='ocr_carea' id='block_1_3' title="bbox 213 813 1407 906">
    <p class='ocr_par' dir='ltr' id='par_1_3' title="bbox 213 813 1407 906">
     <span class='ocr_line' id='line_1_3' title="bbox 213 813 1407 906; baseline 0.003 -27"><span class='ocrx_word' id='word_1_11' title='bbox 213 817 250 880; x_wconf 93' lang='lat' dir='ltr'>ln</span> <span class='ocrx_word' id='word_1_12' title='bbox 268 817 370 880; x_wconf 92' lang='lat' dir='ltr'>bosco</span> <span class='ocrx_word' id='word_1_13' title='bbox 386 817 507 880; x_wconf 88' lang='lat' dir='ltr'>Prioris</span> <span class='ocrx_word' id='word_1_14' title='bbox 523 817 612 900; x_wconf 89' lang='lat' dir='ltr'>apud</span> <span class='ocrx_word' id='word_1_15' title='bbox 630 817 764 881; x_wconf 89' lang='lat' dir='ltr'>Brunne</span> <span class='ocrx_word' id='word_1_16' title='bbox 780 818 843 881; x_wconf 91' lang='lat' dir='ltr'>suit</span> <span class='ocrx_word' id='word_1_17' title='bbox 858 817 995 901; x_wconf 92' lang='lat' dir='ltr'>quidam</span> <span class='ocrx_word' id='word_1_18' title='bbox 1016 818 1251 900; x_wconf 90' lang='lat' dir='ltr'>carpentarius,</span> <span class='ocrx_word' id='word_1_19' title='bbox 1264 813 1407 906; x_wconf 55' lang='lat' dir='ltr'>ggfgffl„</span> 
     </span>
    </p>
   </div>
   <div class='ocr_carea' id='block_1_4' title="bbox 146 921 1406 1005">
    <p class='ocr_par' dir='ltr' id='par_1_4' title="bbox 146 921 1406 1005">
     <span class='ocr_line' id='line_1_4' title="bbox 146 921 1406 1005; baseline 0.002 -21"><span class='ocrx_word' id='word_1_20' title='bbox 146 922 281 985; x_wconf 91' lang='lat' dir='ltr'>nomine</span> <span class='ocrx_word' id='word_1_21' title='bbox 312 922 427 985; x_wconf 90' lang='lat' dir='ltr'>Petrus</span> <span class='ocrx_word' id='word_1_22' title='bbox 458 923 501 986; x_wconf 91' lang='lat' dir='ltr'>de</span> <span class='ocrx_word' id='word_1_23' title='bbox 531 921 651 1004; x_wconf 87' lang='lat' dir='ltr'>Burg0,</span> <span class='ocrx_word' id='word_1_24' title='bbox 682 923 789 986; x_wconf 91' lang='lat' dir='ltr'>bonus</span> <span class='ocrx_word' id='word_1_25' title='bbox 820 923 921 986; x_wconf 93' lang='lat' dir='ltr'>homo</span> <span class='ocrx_word' id='word_1_26' title='bbox 951 933 985 986; x_wconf 93' lang='lat' dir='ltr'>et</span> <span class='ocrx_word' id='word_1_27' title='bbox 1015 922 1129 987; x_wconf 86' lang='lat' dir='ltr'>fidelis.</span> <span class='ocrx_word' id='word_1_28' title='bbox 1185 921 1406 1005; x_wconf 53' lang='lat' dir='ltr'>Hicffiff&#39;</span> 
     </span>
    </p>
   </div>
   <div class='ocr_carea' id='block_1_5' title="bbox 146 1013 1408 1111">
    <p class='ocr_par' dir='ltr' id='par_1_5' title="bbox 146 1013 1408 1111">
     <span class='ocr_line' id='line_1_5' title="bbox 146 1013 1408 1111; baseline 0.001 -23"><span class='ocrx_word' id='word_1_29' title='bbox 146 1028 325 1107; x_wconf 88' lang='lat' dir='ltr'>prostrauit</span> <span class='ocrx_word' id='word_1_30' title='bbox 347 1027 490 1090; x_wconf 87' lang='lat' dir='ltr'>eundern</span> <span class='ocrx_word' id='word_1_31' title='bbox 518 1027 655 1090; x_wconf 86' lang='lat' dir='ltr'>boscum</span> <span class='ocrx_word' id='word_1_32' title='bbox 683 1037 717 1090; x_wconf 93' lang='lat' dir='ltr'>et</span> <span class='ocrx_word' id='word_1_33' title='bbox 744 1028 904 1103; x_wconf 90' lang='lat' dir='ltr'>uendidit,</span> <span class='ocrx_word' id='word_1_34' title='bbox 927 1037 962 1091; x_wconf 93' lang='lat' dir='ltr'>et</span> <span class='ocrx_word' id='word_1_35' title='bbox 984 1028 1164 1111; x_wconf 86' lang='lat' dir='ltr'>assumpsit</span> <span class='ocrx_word' id='word_1_36' title='bbox 1189 1027 1250 1090; x_wconf 90' lang='lat' dir='ltr'>sibi</span> <span class='ocrx_word' id='word_1_37' title='bbox 1264 1013 1408 1106; x_wconf 51' lang='grc' dir='ltr'>ἓξοῇῗὴ</span> 
     </span>
    </p>
   </div>
   <div class='ocr_carea' id='block_1_6' title="bbox 144 1115 1382 1214">
    <p class='ocr_par' dir='ltr' id='par_1_6' title="bbox 144 1115 1382 1214">
     <span class='ocr_line' id='line_1_6' title="bbox 144 1115 1382 1214; baseline 0.004 -23"><span class='ocrx_word' id='word_1_38' title='bbox 144 1129 228 1192; x_wconf 90' lang='lat' dir='ltr'>duos</span> <span class='ocrx_word' id='word_1_39' title='bbox 245 1132 469 1213; x_wconf 86' lang='lat' dir='ltr'>carpentarios</span> <span class='ocrx_word' id='word_1_40' title='bbox 484 1130 527 1194; x_wconf 87' lang='lat' dir='ltr'>ad</span> <span class='ocrx_word' id='word_1_41' title='bbox 544 1130 727 1194; x_wconf 82' lang='lat' dir='ltr'>dotandum</span> <span class='ocrx_word' id='word_1_42' title='bbox 745 1132 843 1214; x_wconf 84' lang='lat' dir='ltr'>ligna.</span> <span class='ocrx_word' id='word_1_43' title='bbox 861 1143 894 1196; x_wconf 90' lang='lat' dir='ltr'>et</span> <span class='ocrx_word' id='word_1_44' title='bbox 911 1133 988 1196; x_wconf 85' lang='lat' dir='ltr'>fecit</span> <span class='ocrx_word' id='word_1_45' title='bbox 1003 1133 1065 1196; x_wconf 90' lang='lat' dir='ltr'>sibi</span> <span class='ocrx_word' id='word_1_46' title='bbox 1082 1132 1250 1213; x_wconf 83' lang='lat' dir='ltr'>tugurium</span> <span class='ocrx_word' id='word_1_47' title='bbox 1264 1115 1382 1206; x_wconf 60' lang='grc' dir='ltr'>ῗξέἷξζζὶ</span> 
     </span>
    </p>
   </div>
   <div class='ocr_carea' id='block_1_7' title="bbox 145 1215 1413 1319">
    <p class='ocr_par' dir='ltr' id='par_1_7' title="bbox 145 1215 1413 1319">
     <span class='ocr_line' id='line_1_7' title="bbox 145 1215 1413 1319; baseline 0.002 -23"><span class='ocrx_word' id='word_1_48' title='bbox 145 1234 177 1296; x_wconf 95' lang='lat' dir='ltr'>in</span> <span class='ocrx_word' id='word_1_49' title='bbox 194 1235 305 1310; x_wconf 93' lang='lat' dir='ltr'>bosco,</span> <span class='ocrx_word' id='word_1_50' title='bbox 322 1237 353 1298; x_wconf 92' lang='lat' dir='ltr'>in</span> <span class='ocrx_word' id='word_1_51' title='bbox 371 1256 439 1317; x_wconf 92' lang='lat' dir='ltr'>quo</span> <span class='ocrx_word' id='word_1_52' title='bbox 453 1236 599 1298; x_wconf 92' lang='lat' dir='ltr'>comedit</span> <span class='ocrx_word' id='word_1_53' title='bbox 615 1245 649 1298; x_wconf 92' lang='lat' dir='ltr'>et</span> <span class='ocrx_word' id='word_1_54' title='bbox 663 1236 756 1312; x_wconf 87' lang='lat' dir='ltr'>bibit,</span> <span class='ocrx_word' id='word_1_55' title='bbox 772 1246 806 1299; x_wconf 93' lang='lat' dir='ltr'>et</span> <span class='ocrx_word' id='word_1_56' title='bbox 827 1237 1035 1319; x_wconf 88' lang='lat' dir='ltr'>pernoctauit</span> <span class='ocrx_word' id='word_1_57' title='bbox 1055 1256 1132 1298; x_wconf 90' lang='lat' dir='ltr'>curn</span> <span class='ocrx_word' id='word_1_58' title='bbox 1152 1234 1251 1316; x_wconf 87' lang='lat' dir='ltr'>socijs</span> <span class='ocrx_word' id='word_1_59' title='bbox 1263 1215 1413 1306; x_wconf 52' lang='lat' dir='ltr'>ffffffian&#39;</span> 
     </span>
    </p>
   </div>
   <div class='ocr_carea' id='block_1_8' title="bbox 141 1314 1411 3427">
    <p class='ocr_par' dir='ltr' id='par_1_8' title="bbox 141 1314 1411 3427">
     <span class='ocr_line' id='line_1_8' title="bbox 144 1314 1407 1422; baseline 0.006 -22"><span class='ocrx_word' id='word_1_60' title='bbox 144 1339 219 1402; x_wconf 87' lang='lat' dir='ltr'>suis.</span> <span class='ocrx_word' id='word_1_61' title='bbox 267 1339 343 1402; x_wconf 93' lang='lat' dir='ltr'>Hoc</span> <span class='ocrx_word' id='word_1_62' title='bbox 364 1350 476 1403; x_wconf 88' lang='lat' dir='ltr'>autern</span> <span class='ocrx_word' id='word_1_63' title='bbox 497 1339 575 1403; x_wconf 84' lang='lat' dir='ltr'>fecit</span> <span class='ocrx_word' id='word_1_64' title='bbox 596 1359 637 1402; x_wconf 89' lang='lat' dir='ltr'>ne</span> <span class='ocrx_word' id='word_1_65' title='bbox 658 1360 718 1421; x_wconf 92' lang='lat' dir='ltr'>per</span> <span class='ocrx_word' id='word_1_66' title='bbox 737 1349 870 1404; x_wconf 89' lang='lat' dir='ltr'>noctem</span> <span class='ocrx_word' id='word_1_67' title='bbox 893 1341 945 1404; x_wconf 89' lang='lat' dir='ltr'>uel</span> <span class='ocrx_word' id='word_1_68' title='bbox 960 1341 1049 1404; x_wconf 89' lang='lat' dir='ltr'>diem</span> <span class='ocrx_word' id='word_1_69' title='bbox 1065 1341 1249 1422; x_wconf 90' lang='lat' dir='ltr'>dampnum</span> <span class='ocrx_word' id='word_1_70' title='bbox 1262 1314 1407 1408; x_wconf 61' lang='lat' dir='ltr'>ilssliilssf</span> 
     </span>
     <span class='ocr_line' id='line_1_9' title="bbox 144 1441 1250 1526; baseline 0.004 -23"><span class='ocrx_word' id='word_1_71' title='bbox 144 1441 237 1506; x_wconf 84' lang='lat' dir='ltr'>fieret</span> <span class='ocrx_word' id='word_1_72' title='bbox 268 1443 378 1507; x_wconf 92' lang='lat' dir='ltr'>Priori.</span> <span class='ocrx_word' id='word_1_73' title='bbox 440 1444 485 1506; x_wconf 91' lang='lat' dir='ltr'>Et</span> <span class='ocrx_word' id='word_1_74' title='bbox 514 1464 591 1507; x_wconf 88' lang='lat' dir='ltr'>ecce</span> <span class='ocrx_word' id='word_1_75' title='bbox 620 1443 701 1506; x_wconf 91' lang='lat' dir='ltr'>seria</span> <span class='ocrx_word' id='word_1_76' title='bbox 730 1455 850 1526; x_wconf 87' lang='lat' dir='ltr'>quarta</span> <span class='ocrx_word' id='word_1_77' title='bbox 882 1455 961 1508; x_wconf 88' lang='lat' dir='ltr'>ante</span> <span class='ocrx_word' id='word_1_78' title='bbox 997 1444 1085 1508; x_wconf 89' lang='lat' dir='ltr'>diem</span> <span class='ocrx_word' id='word_1_79' title='bbox 1125 1444 1250 1507; x_wconf 89' lang='lat' dir='ltr'>Pasche</span> 
     </span>
     <span class='ocr_line' id='line_1_10' title="bbox 143 1547 1250 1632; baseline 0.001 -23"><span class='ocrx_word' id='word_1_80' title='bbox 143 1559 306 1611; x_wconf 90' lang='lat' dir='ltr'>uenerunt</span> <span class='ocrx_word' id='word_1_81' title='bbox 336 1547 403 1610; x_wconf 91' lang='lat' dir='ltr'>duo</span> <span class='ocrx_word' id='word_1_82' title='bbox 434 1558 642 1622; x_wconf 68' lang='lat' dir='ltr'>mercatores</span> <span class='ocrx_word' id='word_1_83' title='bbox 668 1548 789 1612; x_wconf 90' lang='lat' dir='ltr'>diuites</span> <span class='ocrx_word' id='word_1_84' title='bbox 820 1560 854 1613; x_wconf 92' lang='lat' dir='ltr'>et</span> <span class='ocrx_word' id='word_1_85' title='bbox 885 1549 997 1632; x_wconf 86' lang='lat' dir='ltr'>magni</span> <span class='ocrx_word' id='word_1_86' title='bbox 1028 1548 1180 1624; x_wconf 73' lang='lat' dir='ltr'>nominis</span> <span class='ocrx_word' id='word_1_87' title='bbox 1206 1548 1250 1610; x_wconf 89' lang='lat' dir='ltr'>de</span> 
     </span>
     <span class='ocr_line' id='line_1_11' title="bbox 144 1651 1250 1733; baseline 0.001 -19"><span class='ocrx_word' id='word_1_88' title='bbox 144 1651 292 1733; x_wconf 89' lang='lat' dir='ltr'>partibus</span> <span class='ocrx_word' id='word_1_89' title='bbox 317 1651 516 1726; x_wconf 88' lang='lat' dir='ltr'>Stamsorde,</span> <span class='ocrx_word' id='word_1_90' title='bbox 538 1661 572 1714; x_wconf 90' lang='lat' dir='ltr'>et</span> <span class='ocrx_word' id='word_1_91' title='bbox 596 1651 651 1733; x_wconf 90' lang='lat' dir='ltr'>alij</span> <span class='ocrx_word' id='word_1_92' title='bbox 680 1663 746 1716; x_wconf 88' lang='lat' dir='ltr'>tres</span> <span class='ocrx_word' id='word_1_93' title='bbox 773 1655 925 1717; x_wconf 87' lang='lat' dir='ltr'>extranei</span> <span class='ocrx_word' id='word_1_94' title='bbox 952 1655 984 1717; x_wconf 94' lang='lat' dir='ltr'>in</span> <span class='ocrx_word' id='word_1_95' title='bbox 1008 1655 1167 1716; x_wconf 92' lang='lat' dir='ltr'>comitiua</span> <span class='ocrx_word' id='word_1_96' title='bbox 1189 1672 1250 1715; x_wconf 89' lang='lat' dir='ltr'>sua</span> 
     </span>
     <span class='ocr_line' id='line_1_12' title="bbox 143 1756 1249 1840; baseline 0.002 -22"><span class='ocrx_word' id='word_1_97' title='bbox 143 1756 301 1820; x_wconf 85' lang='lat' dir='ltr'>iacientes</span> <span class='ocrx_word' id='word_1_98' title='bbox 327 1757 504 1820; x_wconf 83' lang='lat' dir='ltr'>transitum</span> <span class='ocrx_word' id='word_1_99' title='bbox 529 1778 588 1840; x_wconf 94' lang='lat' dir='ltr'>per</span> <span class='ocrx_word' id='word_1_100' title='bbox 610 1757 723 1820; x_wconf 90' lang='lat' dir='ltr'>villam</span> <span class='ocrx_word' id='word_1_101' title='bbox 750 1760 793 1822; x_wconf 92' lang='lat' dir='ltr'>de</span> <span class='ocrx_word' id='word_1_102' title='bbox 817 1757 981 1836; x_wconf 87' lang='lat' dir='ltr'>Caxtone‚</span> <span class='ocrx_word' id='word_1_103' title='bbox 1003 1769 1037 1822; x_wconf 87' lang='lat' dir='ltr'>et</span> <span class='ocrx_word' id='word_1_104' title='bbox 1063 1758 1188 1822; x_wconf 90' lang='lat' dir='ltr'>ibidem</span> <span class='ocrx_word' id='word_1_105' title='bbox 1211 1768 1249 1820; x_wconf 89' lang='lat' dir='ltr'>ut</span> 
     </span>
     <span class='ocr_line' id='line_1_13' title="bbox 143 1863 1249 1946; baseline 0 -20"><span class='ocrx_word' id='word_1_106' title='bbox 143 1863 316 1926; x_wconf 87' lang='lat' dir='ltr'>dicebatur</span> <span class='ocrx_word' id='word_1_107' title='bbox 344 1863 499 1926; x_wconf 90' lang='lat' dir='ltr'>biberunt</span> <span class='ocrx_word' id='word_1_108' title='bbox 530 1863 635 1927; x_wconf 87' lang='lat' dir='ltr'>simul.</span> <span class='ocrx_word' id='word_1_109' title='bbox 682 1864 823 1941; x_wconf 90' lang='lat' dir='ltr'>Deinde,</span> <span class='ocrx_word' id='word_1_110' title='bbox 849 1864 947 1929; x_wconf 90' lang='lat' dir='ltr'>simul</span> <span class='ocrx_word' id='word_1_111' title='bbox 979 1864 1160 1929; x_wconf 88' lang='lat' dir='ltr'>militantes</span> <span class='ocrx_word' id='word_1_112' title='bbox 1190 1884 1249 1946; x_wconf 86' lang='lat' dir='ltr'>per</span> 
     </span>
     <span class='ocr_line' id='line_1_14' title="bbox 143 1966 1248 2050; baseline 0.003 -22"><span class='ocrx_word' id='word_1_113' title='bbox 143 1966 232 2029; x_wconf 91' lang='lat' dir='ltr'>uiam</span> <span class='ocrx_word' id='word_1_114' title='bbox 263 1987 328 2049; x_wconf 93' lang='lat' dir='ltr'>que</span> <span class='ocrx_word' id='word_1_115' title='bbox 355 1966 541 2050; x_wconf 88' lang='lat' dir='ltr'>appellatur</span> <span class='ocrx_word' id='word_1_116' title='bbox 573 1969 838 2050; x_wconf 82' lang='lat' dir='ltr'>Ermingstrete¹,</span> <span class='ocrx_word' id='word_1_117' title='bbox 863 1980 1025 2034; x_wconf 92' lang='lat' dir='ltr'>venerunt</span> <span class='ocrx_word' id='word_1_118' title='bbox 1054 1969 1117 2032; x_wconf 92' lang='lat' dir='ltr'>sub</span> <span class='ocrx_word' id='word_1_119' title='bbox 1146 1969 1248 2032; x_wconf 93' lang='lat' dir='ltr'>bosco</span> 
     </span>
     <span class='ocr_line' id='line_1_15' title="bbox 144 2069 1248 2154; baseline 0.002 -22"><span class='ocrx_word' id='word_1_120' title='bbox 144 2069 265 2134; x_wconf 91' lang='lat' dir='ltr'>Prioris</span> <span class='ocrx_word' id='word_1_121' title='bbox 285 2072 455 2135; x_wconf 90' lang='lat' dir='ltr'>antedicto</span> <span class='ocrx_word' id='word_1_122' title='bbox 476 2080 551 2154; x_wconf 91' lang='lat' dir='ltr'>post</span> <span class='ocrx_word' id='word_1_123' title='bbox 573 2071 652 2134; x_wconf 92' lang='lat' dir='ltr'>solis</span> <span class='ocrx_word' id='word_1_124' title='bbox 672 2092 826 2136; x_wconf 91' lang='lat' dir='ltr'>occasum</span> <span class='ocrx_word' id='word_1_125' title='bbox 848 2094 888 2137; x_wconf 92' lang='lat' dir='ltr'>ea</span> <span class='ocrx_word' id='word_1_126' title='bbox 909 2073 991 2136; x_wconf 87' lang='lat' dir='ltr'>hora</span> <span class='ocrx_word' id='word_1_127' title='bbox 1011 2092 1078 2154; x_wconf 88' lang='lat' dir='ltr'>qua</span> <span class='ocrx_word' id='word_1_128' title='bbox 1096 2071 1248 2136; x_wconf 89' lang='lat' dir='ltr'>homines</span> 
     </span>
     <span class='ocr_line' id='line_1_16' title="bbox 142 2174 1248 2258; baseline 0.003 -22"><span class='ocrx_word' id='word_1_129' title='bbox 142 2185 369 2238; x_wconf 90' lang='lat' dir='ltr'>conuenerunt</span> <span class='ocrx_word' id='word_1_130' title='bbox 400 2177 441 2239; x_wconf 93' lang='lat' dir='ltr'>ad</span> <span class='ocrx_word' id='word_1_131' title='bbox 473 2174 646 2238; x_wconf 88' lang='lat' dir='ltr'>ecclesiam</span> <span class='ocrx_word' id='word_1_132' title='bbox 674 2175 717 2238; x_wconf 90' lang='lat' dir='ltr'>ad</span> <span class='ocrx_word' id='word_1_133' title='bbox 745 2177 948 2240; x_wconf 90' lang='lat' dir='ltr'>audiendum</span> <span class='ocrx_word' id='word_1_134' title='bbox 976 2176 1157 2239; x_wconf 90' lang='lat' dir='ltr'>matutinas</span> <span class='ocrx_word' id='word_1_135' title='bbox 1183 2196 1248 2258; x_wconf 91' lang='lat' dir='ltr'>que</span> 
     </span>
     <span class='ocr_line' id='line_1_17' title="bbox 143 2279 1246 2361; baseline 0.001 -20"><span class='ocrx_word' id='word_1_136' title='bbox 143 2279 355 2361; x_wconf 89' lang='lat' dir='ltr'>appellantur</span> <span class='ocrx_word' id='word_1_137' title='bbox 382 2279 525 2356; x_wconf 82' lang='lat' dir='ltr'>Tenebre,</span> <span class='ocrx_word' id='word_1_138' title='bbox 548 2290 582 2342; x_wconf 91' lang='lat' dir='ltr'>et</span> <span class='ocrx_word' id='word_1_139' title='bbox 604 2279 648 2343; x_wconf 92' lang='lat' dir='ltr'>ibi</span> <span class='ocrx_word' id='word_1_140' title='bbox 678 2279 826 2344; x_wconf 85' lang='lat' dir='ltr'>fecerunt</span> <span class='ocrx_word' id='word_1_141' title='bbox 850 2283 1001 2345; x_wconf 89' lang='lat' dir='ltr'>extranei</span> <span class='ocrx_word' id='word_1_142' title='bbox 1027 2280 1187 2344; x_wconf 90' lang='lat' dir='ltr'>insultum</span> <span class='ocrx_word' id='word_1_143' title='bbox 1214 2281 1246 2343; x_wconf 96' lang='lat' dir='ltr'>in</span> 
     </span>
     <span class='ocr_line' id='line_1_18' title="bbox 142 2382 1248 2468; baseline 0.001 -23"><span class='ocrx_word' id='word_1_144' title='bbox 142 2393 351 2458; x_wconf 87' lang='lat' dir='ltr'>mercatores,</span> <span class='ocrx_word' id='word_1_145' title='bbox 377 2393 410 2447; x_wconf 92' lang='lat' dir='ltr'>et</span> <span class='ocrx_word' id='word_1_146' title='bbox 438 2405 494 2446; x_wconf 90' lang='lat' dir='ltr'>eos</span> <span class='ocrx_word' id='word_1_147' title='bbox 525 2382 790 2456; x_wconf 90' lang='lat' dir='ltr'>uulnerauerunt,</span> <span class='ocrx_word' id='word_1_148' title='bbox 818 2395 852 2448; x_wconf 92' lang='lat' dir='ltr'>et</span> <span class='ocrx_word' id='word_1_149' title='bbox 881 2386 923 2448; x_wconf 90' lang='lat' dir='ltr'>de</span> <span class='ocrx_word' id='word_1_150' title='bbox 953 2385 1047 2468; x_wconf 88' lang='lat' dir='ltr'>equis</span> <span class='ocrx_word' id='word_1_151' title='bbox 1076 2386 1144 2448; x_wconf 93' lang='lat' dir='ltr'>suis</span> <span class='ocrx_word' id='word_1_152' title='bbox 1174 2405 1248 2466; x_wconf 91' lang='lat' dir='ltr'>pro-</span> 
     </span>
     <span class='ocr_line' id='line_1_19' title="bbox 142 2489 1247 2554; baseline 0.002 -3"><span class='ocrx_word' id='word_1_153' title='bbox 142 2498 330 2553; x_wconf 89' lang='lat' dir='ltr'>strauerunt</span> <span class='ocrx_word' id='word_1_154' title='bbox 368 2500 401 2553; x_wconf 92' lang='lat' dir='ltr'>et</span> <span class='ocrx_word' id='word_1_155' title='bbox 439 2489 679 2553; x_wconf 81' lang='lat' dir='ltr'>interfecerunt</span> <span class='ocrx_word' id='word_1_156' title='bbox 738 2489 873 2554; x_wconf 90' lang='lat' dir='ltr'>Clamor</span> <span class='ocrx_word' id='word_1_157' title='bbox 910 2511 990 2553; x_wconf 90' lang='lat' dir='ltr'>uero</span> <span class='ocrx_word' id='word_1_158' title='bbox 1027 2499 1247 2553; x_wconf 88' lang='lat' dir='ltr'>mercatorum</span> 
     </span>
     <span class='ocr_line' id='line_1_20' title="bbox 142 2593 1249 2677; baseline 0.003 -22"><span class='ocrx_word' id='word_1_159' title='bbox 142 2593 274 2656; x_wconf 89' lang='lat' dir='ltr'>auditus</span> <span class='ocrx_word' id='word_1_160' title='bbox 295 2604 346 2656; x_wconf 89' lang='lat' dir='ltr'>est</span> <span class='ocrx_word' id='word_1_161' title='bbox 365 2613 469 2676; x_wconf 90' lang='lat' dir='ltr'>usque</span> <span class='ocrx_word' id='word_1_162' title='bbox 485 2595 528 2656; x_wconf 90' lang='lat' dir='ltr'>ad</span> <span class='ocrx_word' id='word_1_163' title='bbox 544 2593 717 2656; x_wconf 88' lang='lat' dir='ltr'>ecclesiam</span> <span class='ocrx_word' id='word_1_164' title='bbox 734 2594 776 2657; x_wconf 92' lang='lat' dir='ltr'>de</span> <span class='ocrx_word' id='word_1_165' title='bbox 793 2593 915 2670; x_wconf 88' lang='lat' dir='ltr'>Stowe,</span> <span class='ocrx_word' id='word_1_166' title='bbox 931 2597 988 2658; x_wconf 87' lang='lat' dir='ltr'>sed</span> <span class='ocrx_word' id='word_1_167' title='bbox 1005 2595 1068 2677; x_wconf 91' lang='lat' dir='ltr'>ipsi</span> <span class='ocrx_word' id='word_1_168' title='bbox 1085 2595 1249 2676; x_wconf 87' lang='lat' dir='ltr'>predones</span> 
     </span>
     <span class='ocr_line' id='line_1_21' title="bbox 141 2698 1248 2780; baseline 0.003 -21"><span class='ocrx_word' id='word_1_169' title='bbox 141 2698 286 2780; x_wconf 89' lang='lat' dir='ltr'>acceptis</span> <span class='ocrx_word' id='word_1_170' title='bbox 302 2698 457 2761; x_wconf 92' lang='lat' dir='ltr'>omnibus</span> <span class='ocrx_word' id='word_1_171' title='bbox 472 2699 590 2762; x_wconf 89' lang='lat' dir='ltr'>eadem</span> <span class='ocrx_word' id='word_1_172' title='bbox 607 2709 705 2763; x_wconf 88' lang='lat' dir='ltr'>nocte</span> <span class='ocrx_word' id='word_1_173' title='bbox 722 2710 883 2763; x_wconf 91' lang='lat' dir='ltr'>uenerunt</span> <span class='ocrx_word' id='word_1_174' title='bbox 898 2701 940 2763; x_wconf 93' lang='lat' dir='ltr'>ad</span> <span class='ocrx_word' id='word_1_175' title='bbox 956 2698 1070 2763; x_wconf 89' lang='lat' dir='ltr'>villam</span> <span class='ocrx_word' id='word_1_176' title='bbox 1086 2701 1130 2762; x_wconf 90' lang='lat' dir='ltr'>de</span> <span class='ocrx_word' id='word_1_177' title='bbox 1142 2699 1248 2764; x_wconf 89' lang='lat' dir='ltr'>Cruce</span> 
     </span>
     <span class='ocr_line' id='line_1_22' title="bbox 143 2801 1249 2884; baseline 0.003 -21"><span class='ocrx_word' id='word_1_178' title='bbox 143 2801 278 2882; x_wconf 76' lang='lat' dir='ltr'>Royse².</span> <span class='ocrx_word' id='word_1_179' title='bbox 341 2802 504 2884; x_wconf 91' lang='lat' dir='ltr'>Requisiti</span> <span class='ocrx_word' id='word_1_180' title='bbox 535 2811 647 2865; x_wconf 91' lang='lat' dir='ltr'>autern</span> <span class='ocrx_word' id='word_1_181' title='bbox 678 2823 781 2884; x_wconf 89' lang='lat' dir='ltr'>quare</span> <span class='ocrx_word' id='word_1_182' title='bbox 811 2805 858 2866; x_wconf 92' lang='lat' dir='ltr'>ita</span> <span class='ocrx_word' id='word_1_183' title='bbox 887 2812 981 2866; x_wconf 90' lang='lat' dir='ltr'>erant</span> <span class='ocrx_word' id='word_1_184' title='bbox 1012 2802 1184 2878; x_wconf 89' lang='lat' dir='ltr'>uulnerati,</span> <span class='ocrx_word' id='word_1_185' title='bbox 1214 2811 1249 2866; x_wconf 90' lang='lat' dir='ltr'>et</span> 
     </span>
     <span class='ocr_line' id='line_1_23' title="bbox 141 2905 1249 2988; baseline 0 -20"><span class='ocrx_word' id='word_1_186' title='bbox 141 2927 243 2987; x_wconf 91' lang='lat' dir='ltr'>quare</span> <span class='ocrx_word' id='word_1_187' title='bbox 261 2927 374 2969; x_wconf 89' lang='lat' dir='ltr'>eorum</span> <span class='ocrx_word' id='word_1_188' title='bbox 391 2907 591 2969; x_wconf 89' lang='lat' dir='ltr'>vestimenta</span> <span class='ocrx_word' id='word_1_189' title='bbox 612 2915 706 2970; x_wconf 88' lang='lat' dir='ltr'>erant</span> <span class='ocrx_word' id='word_1_190' title='bbox 726 2907 991 2988; x_wconf 88' lang='lat' dir='ltr'>sanguinolenta,</span> <span class='ocrx_word' id='word_1_191' title='bbox 1007 2905 1249 2988; x_wconf 90' lang='lat' dir='ltr'>responderunt</span> 
     </span>
     <span class='ocr_line' id='line_1_24' title="bbox 141 3010 1246 3094; baseline 0.002 -22"><span class='ocrx_word' id='word_1_192' title='bbox 141 3010 230 3093; x_wconf 92' lang='lat' dir='ltr'>quod</span> <span class='ocrx_word' id='word_1_193' title='bbox 253 3010 397 3074; x_wconf 88' lang='lat' dir='ltr'>latrones</span> <span class='ocrx_word' id='word_1_194' title='bbox 419 3011 595 3074; x_wconf 90' lang='lat' dir='ltr'>uoluerunt</span> <span class='ocrx_word' id='word_1_195' title='bbox 616 3032 673 3074; x_wconf 89' lang='lat' dir='ltr'>eos</span> <span class='ocrx_word' id='word_1_196' title='bbox 695 3011 898 3075; x_wconf 78' lang='lat' dir='ltr'>interfecisse</span> <span class='ocrx_word' id='word_1_197' title='bbox 919 3033 978 3094; x_wconf 90' lang='lat' dir='ltr'>per</span> <span class='ocrx_word' id='word_1_198' title='bbox 997 3012 1086 3075; x_wconf 88' lang='lat' dir='ltr'>uiam</span> <span class='ocrx_word' id='word_1_199' title='bbox 1107 3021 1142 3074; x_wconf 90' lang='lat' dir='ltr'>et</span> <span class='ocrx_word' id='word_1_200' title='bbox 1156 3011 1246 3093; x_wconf 91' lang='lat' dir='ltr'>quod</span> 
     </span>
     <span class='ocr_line' id='line_1_25' title="bbox 141 3115 1246 3198; baseline 0.001 -22"><span class='ocrx_word' id='word_1_201' title='bbox 141 3134 254 3177; x_wconf 89' lang='lat' dir='ltr'>eorum</span> <span class='ocrx_word' id='word_1_202' title='bbox 280 3135 397 3178; x_wconf 90' lang='lat' dir='ltr'>manus</span> <span class='ocrx_word' id='word_1_203' title='bbox 420 3116 480 3178; x_wconf 89' lang='lat' dir='ltr'>uix</span> <span class='ocrx_word' id='word_1_204' title='bbox 503 3125 680 3178; x_wconf 88' lang='lat' dir='ltr'>euaserunt</span> <span class='ocrx_word' id='word_1_205' title='bbox 702 3135 778 3178; x_wconf 87' lang='lat' dir='ltr'>curn</span> <span class='ocrx_word' id='word_1_206' title='bbox 802 3116 878 3179; x_wconf 90' lang='lat' dir='ltr'>vita.</span> <span class='ocrx_word' id='word_1_207' title='bbox 927 3115 1015 3198; x_wconf 89' lang='lat' dir='ltr'>Quid</span> <span class='ocrx_word' id='word_1_208' title='bbox 1042 3116 1160 3197; x_wconf 88' lang='lat' dir='ltr'>plura?</span> <span class='ocrx_word' id='word_1_209' title='bbox 1207 3115 1246 3177; x_wconf 95' lang='lat' dir='ltr'>ln</span> 
     </span>
     <span class='ocr_line' id='line_1_26' title="bbox 141 3219 1245 3302; baseline -0.001 -20"><span class='ocrx_word' id='word_1_210' title='bbox 141 3221 285 3282; x_wconf 92' lang='lat' dir='ltr'>crastino</span> <span class='ocrx_word' id='word_1_211' title='bbox 301 3219 436 3302; x_wconf 90' lang='lat' dir='ltr'>quidem</span> <span class='ocrx_word' id='word_1_212' title='bbox 453 3221 578 3283; x_wconf 89' lang='lat' dir='ltr'>inuenti</span> <span class='ocrx_word' id='word_1_213' title='bbox 595 3229 689 3284; x_wconf 90' lang='lat' dir='ltr'>erant</span> <span class='ocrx_word' id='word_1_214' title='bbox 711 3229 911 3284; x_wconf 90' lang='lat' dir='ltr'>mercatores</span> <span class='ocrx_word' id='word_1_215' title='bbox 932 3220 1063 3294; x_wconf 90' lang='lat' dir='ltr'>mortui,</span> <span class='ocrx_word' id='word_1_216' title='bbox 1078 3229 1112 3282; x_wconf 89' lang='lat' dir='ltr'>et</span> <span class='ocrx_word' id='word_1_217' title='bbox 1132 3221 1245 3283; x_wconf 87' lang='lat' dir='ltr'>statim</span> 
     </span>
     <span class='ocr_line' id='line_1_27' title="bbox 141 3323 1411 3427; baseline -0.001 -40"><span class='ocrx_word' id='word_1_218' title='bbox 141 3323 287 3387; x_wconf 87' lang='lat' dir='ltr'>euolauit</span> <span class='ocrx_word' id='word_1_219' title='bbox 309 3323 399 3386; x_wconf 86' lang='lat' dir='ltr'>fama</span> <span class='ocrx_word' id='word_1_220' title='bbox 420 3344 479 3405; x_wconf 88' lang='lat' dir='ltr'>per</span> <span class='ocrx_word' id='word_1_221' title='bbox 498 3325 672 3387; x_wconf 90' lang='lat' dir='ltr'>circuitum</span> <span class='ocrx_word' id='word_1_222' title='bbox 692 3324 783 3408; x_wconf 90' lang='lat' dir='ltr'>quod</span> <span class='ocrx_word' id='word_1_223' title='bbox 805 3324 913 3387; x_wconf 90' lang='lat' dir='ltr'>dictus</span> <span class='ocrx_word' id='word_1_224' title='bbox 935 3325 1051 3387; x_wconf 90' lang='lat' dir='ltr'>Petrus</span> <span class='ocrx_word' id='word_1_225' title='bbox 1071 3325 1114 3387; x_wconf 91' lang='lat' dir='ltr'>de</span> <span class='ocrx_word' id='word_1_226' title='bbox 1135 3323 1247 3406; x_wconf 86' lang='lat' dir='ltr'>Burgo</span> <span class='ocrx_word' id='word_1_227' title='bbox 1261 3335 1411 3427; x_wconf 57' lang='lat' dir='ltr'>Hogveter</span> 
     </span>
    </p>
   </div>
   <div class='ocr_carea' id='block_1_9' title="bbox 142 3387 1392 3508">
    <p class='ocr_par' dir='ltr' id='par_1_9' title="bbox 142 3387 1392 3508">
     <span class='ocr_line' id='line_1_28' title="bbox 142 3387 1392 3508; baseline 0 -19"><span class='ocrx_word' id='word_1_228' title='bbox 142 3435 175 3489; x_wconf 89' lang='lat' dir='ltr'>et</span> <span class='ocrx_word' id='word_1_229' title='bbox 202 3425 282 3508; x_wconf 92' lang='lat' dir='ltr'>socij</span> <span class='ocrx_word' id='word_1_230' title='bbox 309 3427 380 3490; x_wconf 89' lang='lat' dir='ltr'>eius</span> <span class='ocrx_word' id='word_1_231' title='bbox 407 3428 496 3508; x_wconf 92' lang='lat' dir='ltr'>ipsos</span> <span class='ocrx_word' id='word_1_232' title='bbox 524 3428 765 3492; x_wconf 80' lang='lat' dir='ltr'>interfecerunt.</span> <span class='ocrx_word' id='word_1_233' title='bbox 813 3428 984 3491; x_wconf 91' lang='lat' dir='ltr'>Predictus</span> <span class='ocrx_word' id='word_1_234' title='bbox 1012 3426 1128 3490; x_wconf 89' lang='lat' dir='ltr'>Petrus</span> <span class='ocrx_word' id='word_1_235' title='bbox 1158 3447 1245 3502; x_wconf 88' lang='lat' dir='ltr'>uero,</span> <span class='ocrx_word' id='word_1_236' title='bbox 1259 3387 1392 3500; x_wconf 49' lang='lat' dir='ltr'>gipvgffi</span> 
     </span>
    </p>
   </div>
   <div class='ocr_carea' id='block_1_10' title="bbox 139 3489 1400 4221">
    <p class='ocr_par' dir='ltr' id='par_1_10' title="bbox 139 3489 1400 4221">
     <span class='ocr_line' id='line_1_29' title="bbox 141 3489 1400 3614; baseline 0 -22"><span class='ocrx_word' id='word_1_237' title='bbox 141 3530 263 3593; x_wconf 92' lang='lat' dir='ltr'>auditis</span> <span class='ocrx_word' id='word_1_238' title='bbox 287 3531 482 3606; x_wconf 91' lang='lat' dir='ltr'>rumoribus,</span> <span class='ocrx_word' id='word_1_239' title='bbox 505 3541 576 3595; x_wconf 88' lang='lat' dir='ltr'>erat</span> <span class='ocrx_word' id='word_1_240' title='bbox 600 3532 699 3596; x_wconf 87' lang='lat' dir='ltr'>ualde</span> <span class='ocrx_word' id='word_1_241' title='bbox 722 3530 922 3614; x_wconf 90' lang='lat' dir='ltr'>perterritus,</span> <span class='ocrx_word' id='word_1_242' title='bbox 945 3540 979 3593; x_wconf 96' lang='lat' dir='ltr'>et</span> <span class='ocrx_word' id='word_1_243' title='bbox 1005 3531 1101 3593; x_wconf 92' lang='lat' dir='ltr'>multi</span> <span class='ocrx_word' id='word_1_244' title='bbox 1125 3529 1179 3592; x_wconf 91' lang='lat' dir='ltr'>alii</span> <span class='ocrx_word' id='word_1_245' title='bbox 1203 3489 1400 3592; x_wconf 45' lang='lat' dir='ltr'>depppgps</span> 
     </span>
     <span class='ocr_line' id='line_1_30' title="bbox 140 3633 1246 3718; baseline 0.002 -22"><span class='ocrx_word' id='word_1_246' title='bbox 140 3633 265 3697; x_wconf 84' lang='lat' dir='ltr'>familia</span> <span class='ocrx_word' id='word_1_247' title='bbox 288 3633 406 3696; x_wconf 90' lang='lat' dir='ltr'>Prioris</span> <span class='ocrx_word' id='word_1_248' title='bbox 427 3636 470 3698; x_wconf 89' lang='lat' dir='ltr'>de</span> <span class='ocrx_word' id='word_1_249' title='bbox 491 3636 644 3713; x_wconf 90' lang='lat' dir='ltr'>Brunne;</span> <span class='ocrx_word' id='word_1_250' title='bbox 675 3637 733 3699; x_wconf 89' lang='lat' dir='ltr'>sed</span> <span class='ocrx_word' id='word_1_251' title='bbox 756 3636 849 3700; x_wconf 91' lang='lat' dir='ltr'>Prior</span> <span class='ocrx_word' id='word_1_252' title='bbox 869 3646 966 3699; x_wconf 88' lang='lat' dir='ltr'>caute</span> <span class='ocrx_word' id='word_1_253' title='bbox 985 3636 1054 3718; x_wconf 86' lang='lat' dir='ltr'>egit</span> <span class='ocrx_word' id='word_1_254' title='bbox 1075 3657 1189 3718; x_wconf 90' lang='lat' dir='ltr'>perse</span> <span class='ocrx_word' id='word_1_255' title='bbox 1212 3644 1246 3698; x_wconf 92' lang='lat' dir='ltr'>et</span> 
     </span>
     <span class='ocr_line' id='line_1_31' title="bbox 140 3739 1246 3823; baseline 0.001 -22"><span class='ocrx_word' id='word_1_256' title='bbox 140 3759 201 3821; x_wconf 91' lang='lat' dir='ltr'>pro</span> <span class='ocrx_word' id='word_1_257' title='bbox 227 3739 295 3801; x_wconf 90' lang='lat' dir='ltr'>suis</span> <span class='ocrx_word' id='word_1_258' title='bbox 326 3740 414 3822; x_wconf 91' lang='lat' dir='ltr'>apud</span> <span class='ocrx_word' id='word_1_259' title='bbox 446 3748 685 3817; x_wconf 89' lang='lat' dir='ltr'>coronatorem,</span> <span class='ocrx_word' id='word_1_260' title='bbox 712 3741 769 3823; x_wconf 94' lang='lat' dir='ltr'>qui</span> <span class='ocrx_word' id='word_1_261' title='bbox 797 3740 908 3803; x_wconf 88' lang='lat' dir='ltr'>uenire</span> <span class='ocrx_word' id='word_1_262' title='bbox 936 3739 1013 3804; x_wconf 84' lang='lat' dir='ltr'>fecit</span> <span class='ocrx_word' id='word_1_263' title='bbox 1042 3740 1166 3803; x_wconf 88' lang='lat' dir='ltr'>bonam</span> <span class='ocrx_word' id='word_1_264' title='bbox 1197 3740 1246 3802; x_wconf 94' lang='lat' dir='ltr'>in-</span> 
     </span>
     <span class='ocr_line' id='line_1_32' title="bbox 139 3843 1245 3928; baseline 0.001 -22"><span class='ocrx_word' id='word_1_265' title='bbox 139 3843 366 3925; x_wconf 90' lang='lat' dir='ltr'>quisicionem,</span> <span class='ocrx_word' id='word_1_266' title='bbox 389 3853 423 3906; x_wconf 96' lang='lat' dir='ltr'>et</span> <span class='ocrx_word' id='word_1_267' title='bbox 445 3845 618 3925; x_wconf 90' lang='lat' dir='ltr'>inquisicio</span> <span class='ocrx_word' id='word_1_268' title='bbox 641 3844 775 3909; x_wconf 88' lang='lat' dir='ltr'>dicebat</span> <span class='ocrx_word' id='word_1_269' title='bbox 797 3845 888 3928; x_wconf 92' lang='lat' dir='ltr'>quod</span> <span class='ocrx_word' id='word_1_270' title='bbox 911 3845 1019 3907; x_wconf 92' lang='lat' dir='ltr'>dictus</span> <span class='ocrx_word' id='word_1_271' title='bbox 1041 3845 1158 3909; x_wconf 89' lang='lat' dir='ltr'>Petrus</span> <span class='ocrx_word' id='word_1_272' title='bbox 1178 3865 1245 3907; x_wconf 93' lang='lat' dir='ltr'>non</span> 
     </span>
     <span class='ocr_line' id='line_1_33' title="bbox 139 3947 1246 4032; baseline 0.001 -21"><span class='ocrx_word' id='word_1_273' title='bbox 139 3958 210 4011; x_wconf 90' lang='lat' dir='ltr'>erat</span> <span class='ocrx_word' id='word_1_274' title='bbox 231 3947 404 4030; x_wconf 86' lang='lat' dir='ltr'>culpabilis</span> <span class='ocrx_word' id='word_1_275' title='bbox 425 3949 468 4012; x_wconf 94' lang='lat' dir='ltr'>de</span> <span class='ocrx_word' id='word_1_276' title='bbox 490 3959 596 4012; x_wconf 90' lang='lat' dir='ltr'>morte</span> <span class='ocrx_word' id='word_1_277' title='bbox 618 3959 848 4026; x_wconf 90' lang='lat' dir='ltr'>mercatorum,</span> <span class='ocrx_word' id='word_1_278' title='bbox 869 3951 1028 4032; x_wconf 90' lang='lat' dir='ltr'>quoniam</span> <span class='ocrx_word' id='word_1_279' title='bbox 1049 3949 1167 4012; x_wconf 90' lang='lat' dir='ltr'>eodem</span> <span class='ocrx_word' id='word_1_280' title='bbox 1190 3950 1246 4013; x_wconf 89' lang='lat' dir='ltr'>die</span> 
     </span>
     <span class='ocr_line' id='line_1_34' title="bbox 139 4053 1244 4135; baseline 0 -18"><span class='ocrx_word' id='word_1_281' title='bbox 139 4063 173 4117; x_wconf 92' lang='lat' dir='ltr'>et</span> <span class='ocrx_word' id='word_1_282' title='bbox 196 4055 315 4118; x_wconf 88' lang='lat' dir='ltr'>eadem</span> <span class='ocrx_word' id='word_1_283' title='bbox 339 4053 421 4116; x_wconf 92' lang='lat' dir='ltr'>hora</span> <span class='ocrx_word' id='word_1_284' title='bbox 445 4075 512 4135; x_wconf 91' lang='lat' dir='ltr'>qua</span> <span class='ocrx_word' id='word_1_285' title='bbox 536 4065 630 4117; x_wconf 88' lang='lat' dir='ltr'>erant</span> <span class='ocrx_word' id='word_1_286' title='bbox 654 4053 817 4117; x_wconf 83' lang='lat' dir='ltr'>interfecti</span> <span class='ocrx_word' id='word_1_287' title='bbox 846 4053 906 4117; x_wconf 86' lang='lat' dir='ltr'>fuit</span> <span class='ocrx_word' id='word_1_288' title='bbox 929 4053 1039 4116; x_wconf 92' lang='lat' dir='ltr'>dictus</span> <span class='ocrx_word' id='word_1_289' title='bbox 1063 4054 1179 4117; x_wconf 89' lang='lat' dir='ltr'>Petrus</span> <span class='ocrx_word' id='word_1_290' title='bbox 1202 4054 1244 4117; x_wconf 91' lang='lat' dir='ltr'>ad</span> 
     </span>
     <span class='ocr_line' id='line_1_35' title="bbox 139 4154 1244 4221; baseline 0 -1"><span class='ocrx_word' id='word_1_291' title='bbox 139 4157 312 4220; x_wconf 88' lang='lat' dir='ltr'>ecclesiam</span> <span class='ocrx_word' id='word_1_292' title='bbox 329 4157 371 4219; x_wconf 92' lang='lat' dir='ltr'>de</span> <span class='ocrx_word' id='word_1_293' title='bbox 389 4157 521 4220; x_wconf 89' lang='lat' dir='ltr'>Brunne</span> <span class='ocrx_word' id='word_1_294' title='bbox 537 4154 580 4220; x_wconf 91' lang='lat' dir='ltr'>ad</span> <span class='ocrx_word' id='word_1_295' title='bbox 597 4158 800 4221; x_wconf 88' lang='lat' dir='ltr'>audiendum</span> <span class='ocrx_word' id='word_1_296' title='bbox 824 4158 1005 4221; x_wconf 86' lang='lat' dir='ltr'>matutinas</span> <span class='ocrx_word' id='word_1_297' title='bbox 1025 4157 1244 4221; x_wconf 88' lang='lat' dir='ltr'>tenebrarum.</span> 
     </span>
    </p>
   </div>
   <div class='ocr_carea' id='block_1_11' title="bbox 140 4261 846 4326">
    <p class='ocr_par' dir='ltr' id='par_1_11' title="bbox 140 4261 846 4326">
     <span class='ocr_line' id='line_1_36' title="bbox 140 4261 846 4326; baseline 0.001 -1"><span class='ocrx_word' id='word_1_298' title='bbox 140 4261 186 4325; x_wconf 91' lang='lat' dir='ltr'>Et</span> <span class='ocrx_word' id='word_1_299' title='bbox 201 4261 248 4325; x_wconf 91' lang='lat' dir='ltr'>sic</span> <span class='ocrx_word' id='word_1_300' title='bbox 264 4271 335 4325; x_wconf 88' lang='lat' dir='ltr'>erat</span> <span class='ocrx_word' id='word_1_301' title='bbox 350 4261 500 4324; x_wconf 90' lang='lat' dir='ltr'>saluatus</span> <span class='ocrx_word' id='word_1_302' title='bbox 515 4283 535 4325; x_wconf 90' lang='lat' dir='ltr'>a</span> <span class='ocrx_word' id='word_1_303' title='bbox 552 4271 659 4325; x_wconf 89' lang='lat' dir='ltr'>morte</span> <span class='ocrx_word' id='word_1_304' title='bbox 676 4261 846 4326; x_wconf 88' lang='lat' dir='ltr'>ueraciter.</span> 
     </span>
    </p>
   </div>
   <div class='ocr_carea' id='block_1_12' title="bbox 220 4418 1166 4587">
    <p class='ocr_par' dir='ltr' id='par_1_12' title="bbox 220 4418 1166 4587">
     <span class='ocr_line' id='line_1_37' title="bbox 246 4418 1138 4486; baseline 0.002 -18"><span class='ocrx_word' id='word_1_305' title='bbox 246 4418 255 4449; x_wconf 86' lang='lat'>¹</span> <span class='ocrx_word' id='word_1_306' title='bbox 273 4419 455 4484; x_wconf 82' lang='lat' dir='ltr'>Arningstrete‚</span> <span class='ocrx_word' id='word_1_307' title='bbox 469 4420 526 4470; x_wconf 88' lang='lat' dir='ltr'>MS.</span> <span class='ocrx_word' id='word_1_308' title='bbox 724 4419 737 4450; x_wconf 79' lang='lat'>²</span> <span class='ocrx_word' id='word_1_309' title='bbox 753 4421 882 4486; x_wconf 87' lang='lat' dir='ltr'>Royston;</span> <span class='ocrx_word' id='word_1_310' title='bbox 899 4437 941 4472; x_wconf 86' lang='lat' dir='ltr'>see</span> <span class='ocrx_word' id='word_1_311' title='bbox 951 4421 1032 4471; x_wconf 81' lang='lat' dir='ltr'>above</span> <span class='ocrx_word' id='word_1_312' title='bbox 1043 4420 1084 4471; x_wconf 86' lang='lat' dir='ltr'>ch.</span> <span class='ocrx_word' id='word_1_313' title='bbox 1097 4437 1138 4483; x_wconf 84' lang='lat'>4⁰·</span> 
     </span>
     <span class='ocr_line' id='line_1_38' title="bbox 220 4543 1166 4587; baseline 0 0"><span class='ocrx_word' id='word_1_314' title='bbox 220 4543 246 4587; x_wconf 87' lang='lat' dir='ltr'>C.</span> <span class='ocrx_word' id='word_1_315' title='bbox 1130 4548 1166 4587; x_wconf 89' lang='lat'>10</span> 
     </span>
    </p>
   </div>
   <div class='ocr_carea' id='block_1_13' title="bbox 0 0 1622 5059">
    <p class='ocr_par' dir='ltr' id='par_1_13' title="bbox 0 0 1622 5059">
     <span class='ocr_line' id='line_1_39' title="bbox 0 0 1622 5059; baseline 0 3"><span class='ocrx_word' id='word_1_316' title='bbox 0 0 1622 5059; x_wconf 95' lang='lat' dir='ltr'> </span> 
     </span>
    </p>
   </div>
  </div>
 </body>
</html>
