3234 5059
175 370 230 475 tv]
281 372 384 449 How
409 372 469 445 tle
494 373 636 471 Bislzop
662 372 710 469 of
727 372 805 468 Ely
831 372 900 443 lost
925 370 984 443 his
1009 379 1151 465 temper
1207 391 1272 440 221

203 710 252 775 27.
298 697 349 759 De
370 696 594 779 indzgrnacione
615 694 768 779 Episcopi
788 707 819 759 et
841 693 1091 759 reconcilcntzbne
1112 690 1257 754 Ecclesia.

243 853 323 916 Post
361 853 551 917 incendium
589 862 819 918 conuenerunt
855 851 973 916 iratres
1009 850 1052 914 ad
1091 847 1280 913 iaciendum
1295 844 1437 938 ffilffl‘

177 957 374 1040 obsequium
391 958 542 1022 diuinum
561 958 592 1019 in
610 956 739 1041 capella
760 958 859 1021 beate
882 956 997 1032 Marte,
1012 974 1078 1037 que
1099 952 1190 1035 prius
1210 960 1282 1014 erat
1295 943 1427 1047 {tqf'fqsss

177 1062 341 1140 dedicata,
356 1074 391 1127 et
406 1063 529 1126 ibidem
547 1062 798 1127 celebrauerunt
821 1062 939 1125 missas
958 1066 1049 1123 suas¹
1070 1057 1283 1139 sollempnes,
1296 1046 1440 1137 aessgw

179 1186 245 1229 non
258 1168 330 1230 sine
343 1187 467 1249 magno
479 1168 602 1244 dolore,
613 1176 647 1230 et
664 1167 847 1230 matutinas
859 1186 936 1229 suas
948 1174 1113 1229 nocturno
1121 1172 1284 1245 tempore,
1296 1151 1419 1238 ξξζῖξξῦ,

179 1292 245 1335 non
273 1272 345 1335 sine
376 1292 499 1355 magno
529 1271 658 1349 timore,
684 1292 743 1355 per
768 1280 879 1335 totum
906 1290 1032 1333 annum
1058 1268 1224 1349 integrum
1248 1245 1447 1338 etllifsseuffih'

179 1398 279 1461 supra
309 1398 415 1461 usque
444 1379 486 1441 ad
517 1378 607 1441 diem
640 1377 920 1441 reconciliacionis
952 1395 1019 1459 que
1053 1374 1142 1437 facta
1177 1371 1284 1436 iuerat
1297 1346 1431 1449 {evilim

180 1482 286 1565 pridie
302 1502 407 1545 nonas
424 1482 548 1564 Martij.
594 1482 640 1545 Et
655 1483 733 1565 quia
750 1481 846 1545 multi
861 1479 1022 1544 dixerunt
1037 1478 1129 1562 quod
1144 1476 1284 1541 ecclesia

180 1585 317 1651 deberet
338 1586 566 1663 reconsecrari,
584 1586 639 1669 aiij
662 1596 774 1650 autem
796 1585 954 1649 dicebant
975 1605 1052 1660 non,
1072 1583 1131 1647 sed
1152 1593 1284 1647 tantum

181 1691 393 1768 reconciliari,
430 1693 474 1756 ad
516 1692 716 1774 peticionem
758 1690 931 1755 cuiusdam
974 1689 1125 1755 canonici
1167 1688 1285 1753 annuit

181 1794 336 1859 dominus
352 1796 528 1879 episcopus
550 1796 715 1879 Elyensis,
730 1795 857 1859 scilicet
875 1794 1032 1859 dominus
1052 1794 1223 1877 johannes
1242 1794 1285 1857 de

183 1900 359 1982 Kyrkebi²,
387 1901 498 1964 uenire
525 1901 567 1964 ad
595 1910 721 1964 certum
749 1900 848 1965 diem.
894 1897 972 1982 Quo
998 1899 1162 1973 ueniente,
1187 1909 1222 1961 et
1248 1909 1286 1963 ut

183 2006 283 2068 moris
299 2016 351 2070 est
366 2004 454 2069 sacta
469 2005 624 2069 oracione
642 2024 754 2069 coram
777 2026 900 2089 magno
921 2004 1034 2081 altare,
1050 2004 1139 2068 dixit
1155 2004 1284 2087 Symon

184 2109 275 2172 Prior
287 2109 460 2193 episcopo:
478 2110 618 2173 Domine
630 2129 692 2172 non
703 2107 827 2173 habetis
837 2109 890 2173 hic
898 2105 1030 2191 aliquid
1034 2106 1286 2189 calfaciendum.

184 2215 230 2278 Et
253 2214 448 2298 episcopus:
477 2214 522 2278 Si
543 2236 604 2278 non
632 2220 746 2278 restat³
770 2214 823 2279 hic
843 2214 975 2296 alc'quid
992 2213 1209 2296 sacrandum,
1230 2235 1287 2296 ego

183 2318 333 2385 recedam.
380 2318 424 2383 Et
444 2319 578 2383 eleuans
601 2319 715 2383 oculos
737 2318 780 2382 ad
805 2318 916 2385 locum
938 2319 1176 2392 combustum⁸,
1197 2318 1286 2395 Ecce,

183 2424 300 2509 inquit,
329 2424 467 2506 uestigia
497 2434 657 2507 apparent.
704 2422 782 2506 Quo
812 2423 903 2487 dicto
933 2424 1067 2487 recessit
1092 2422 1287 2487 festinanter

184 2549 259 2591 cum
283 2528 524 2611 indignacione,
552 2528 596 2591 ita
625 2528 714 2609 quod
739 2528 934 2592 ascenderet
957 2548 1078 2610 equum
1104 2537 1285 2609 antequam

186 2634 278 2696 Prior
301 2634 353 2696 uel
378 2633 497 2716 aliquis
521 2634 564 2697 de
588 2643 756 2697 conuentu
782 2643 895 2715 posset
918 2634 961 2697 ad
989 2653 1064 2696 eum
1090 2633 1285 2716 pertingere.

186 2738 231 2801 Et
245 2738 292 2801 sic
308 2758 384 2801 cum
402 2737 509 2800 surore
525 2736 681 2800 recedens
699 2738 1007 2801 excommunicauit
1026 2758 1143 2802 omnes
1159 2739 1285 2803 inhabi-

184 2853 303 2918 tantes,
318 2852 521 2926 quapropter
536 2842 631 2907 dolor
645 2844 795 2907 omnium
817 2854 996 2907 renouatus
1016 2855 1076 2910 est.
1120 2845 1286 2928 Verump·

185 2957 298 3013 tamen
309 2948 342 3011 in
353 2948 497 3011 crastino
508 2947 897 3013 relaxauitsentenciam.
936 2948 1003 3013 Sed
1016 2952 1087 3012 eius
1097 2950 1287 3033 indignacio

185 3072 300 3117 uersus
326 3052 471 3115 Priorem
497 3062 531 3115 et
554 3061 757 3116 conuentum
785 3074 845 3136 per
871 3053 994 3117 multos
1020 3053 1092 3118 dies
1117 3056 1287 3139 quiescere

185 3158 326 3235 resciuit,
339 3177 470 3240 semper
481 3178 540 3240 per
549 3157 666 3241 plagas
678 3158 731 3221 dei
744 3158 865 3235 iuranS,
877 3159 1087 3237 maledicens,
1099 3162 1288 3245 obiurgans,
1300 3176 1318 3225 t.
1330 3177 1362 3237 85

185 3274 218 3327 et
248 3262 413 3327 deteriora
442 3264 658 3326 comminans.
720 3264 909 3329 Canonicos
941 3266 1047 3328 eciam
1082 3286 1194 3330 coram
1231 3267 1288 3330 illo

185 3367 448 3453 genuflectentes
487 3376 520 3431 et
555 3368 701 3450 graciam
740 3389 835 3432 suam
873 3368 1043 3433 humiliter
1079 3372 1288 3453 postulantes

105 3536 106 3539 ,
185 3473 374 3555 obiurgauit
392 3473 694 3555 quocienscumque
717 3484 888 3550 uenerunt,
905 3494 965 3538 nec
980 3476 1085 3540 eciam
1102 3476 1213 3540 cibum
1235 3477 1288 3541 uel

186 3589 303 3663 potum
322 3578 369 3641 eis
389 3577 460 3642 dari
482 3578 638 3661 precepit.
686 3578 724 3640 ln
746 3579 893 3661 negociis
912 3580 1018 3643 eciam
1039 3601 1154 3645 eorum
1175 3602 1287 3647 coram

186 3683 367 3747 baronibus
386 3682 429 3745 de
449 3681 613 3745 scaccario
634 3679 794 3745 iaciendis
816 3680 960 3746 multum
981 3684 1221 3749 aduersabatur
1241 3686 1288 3749 eis

186 3789 264 3871 quia
286 3796 365 3851 tunc
388 3794 459 3848 erat
484 3783 613 3869 R[egis]
638 3785 871 3851 thesaurarius.

253 3892 385 3956 Interea
397 3891 543 3967 sacrista,
555 3890 611 3975 qui
624 3899 704 3954 tunc
717 3892 877 3975 temporis
889 3900 960 3956 erat
972 3894 1109 3959 nomine
1121 3894 1290 3959 Robertus

186 4000 228 4063 de
241 3997 483 4081 Holringtone⁰‚
494 3996 635 4061 multum
646 3996 811 4073 anelabat,
823 4007 856 4062 et
866 3996 1003 4062 uiriliter
1012 3998 1194 4077 laborabat,
1203 4001 1290 4065 circa

187 4104 433 4188 reparacionem
452 4100 599 4179 ecclesie,
615 4110 648 4165 et
664 4104 911 4167 consummauit
926 4103 992 4167 iere
1009 4104 1093 4169 inira
1109 4106 1290 4183 biennium,

186 4232 195 4264 ¹
213 4249 266 4291 sua,
279 4233 337 4282 MS.
396 4231 407 4263 ²
420 4232 488 4298 John
499 4232 531 4281 de
544 4232 666 4297 Kirkeby,
680 4248 709 4281 or
717 4232 785 4297 John
799 4233 888 4299 Kirby‚
902 4250 953 4283 was
963 4236 1007 4300 bp.
1019 4238 1048 4285 oi
1058 4236 1107 4300 Ely
1121 4237 1287 4302 1286-1290.

185 4316 314 4377 ’restant
330 4316 388 4367 MS.
518 4315 661 4376 *iacienda
676 4317 732 4366 MS.
867 4316 1051 4371 lcombustura
1062 4322 1105 4379 ait,
1118 4322 1175 4372 MS.

187 4398 197 4431 ⁰
215 4399 367 4459 Hovictone,
382 4397 439 4449 MS.
