3234 5059
308 404 382 475 310
584 385 621 457 T
614 394 744 458 muts
769 386 810 457 in
838 383 927 482 Dry
952 384 1126 483 Drayton
1294 384 1413 485 [Boon

373 565 539 651 Margaria
565 566 632 632 filia
656 567 757 632 Alani
780 569 813 633 le
835 568 986 635 Gaunter
1011 570 1054 634 de
1081 572 1206 635 Howes
1231 581 1323 636 tenet
1347 580 1414 635 tres

307 670 463 735 dimidias
483 693 576 736 acras
596 681 682 737 terre
702 694 778 737 cum
794 694 861 737 vno
883 674 1063 757 mesuagio,
1079 684 1112 738 et
1128 675 1237 739 reddit
1258 676 1337 739 inde
1357 698 1416 759 per

308 796 433 840 annum
450 798 518 841 .xx.
534 778 690 842 denarios
704 788 739 841 et
754 778 782 860 .j.
798 798 970 863 caponem.

376 882 541 946 Henricus
571 881 773 966 Capelianus
803 882 889 947 filius
921 882 1048 947 Warini
1079 892 1172 949 tenet
1207 885 1292 949 duas
1321 905 1414 949 acras

308 996 394 1049 terre
409 996 443 1050 et
458 987 642 1064 dimidiam,
657 999 690 1052 et
707 988 815 1053 reddit
831 988 909 1053 inde
925 1010 984 1072 per
997 1008 1122 1053 annum
1139 989 1213 1071 .viij.
1230 988 1390 1054 denarios.

375 1091 542 1156 Robertus
564 1093 662 1174 Ryhe
677 1093 720 1157 de
738 1094 863 1158 Howes
884 1103 976 1157 tenet
991 1094 1031 1175 ij.
1048 1114 1142 1157 acras
1163 1103 1248 1159 terre
1268 1103 1301 1157 et
1317 1094 1414 1157 dimi-

309 1195 408 1271 diam,
423 1206 457 1260 et
473 1196 582 1259 reddit
605 1218 663 1279 per
683 1218 807 1260 annum
825 1197 875 1280 .vj.
891 1197 1045 1262 denarios
1060 1207 1093 1261 et
1109 1198 1195 1261 duos
1210 1218 1355 1281 capones
1370 1196 1414 1259 ad

310 1300 433 1364 Natale
449 1300 595 1365 Domini.

375 1404 485 1470 Alicia
514 1406 557 1469 de
586 1405 689 1471 Cotes
718 1426 804 1470 vxor
835 1405 994 1469 Willeimi
1025 1406 1068 1471 de
1101 1408 1279 1489 Leycestre
1313 1406 1414 1471 habet

308 1510 512 1575 escambium
540 1511 583 1575 de
608 1520 696 1576 terra
721 1510 841 1575 Prioris
868 1532 928 1595 pro
955 1522 1042 1575 terra
1068 1532 1136 1586 sua,
1161 1522 1194 1575 et
1222 1512 1330 1575 reddit
1356 1532 1415 1593 per

308 1633 433 1678 annum
455 1613 538 1679 .xix.
560 1613 722 1692 denarios,
743 1614 888 1691 obolum,
911 1625 945 1679 et
967 1614 1196 1699 quadrantem.

374 1716 503 1781 Eadem
528 1716 639 1781 Alicia
664 1718 773 1782 reddit
799 1738 860 1801 pro
887 1719 1059 1801 mesuagio
1085 1740 1147 1784 suo
1174 1720 1208 1783 in
1231 1718 1333 1785 Cotes
1357 1740 1415 1801 per

308 1841 431 1885 annum
449 1831 592 1905 quatuor
606 1822 769 1886 denarios.
817 1821 951 1905 Inquir’.

375 1924 461 1989 Item
477 1926 521 1989 de
536 1926 635 1990 feodo
649 1926 812 2008 Johannis
828 1924 871 1989 de
888 1924 1059 1991 Litlebure
1073 1926 1164 2009 quod
1180 1936 1232 1991 eet
1248 1923 1376 1991 Prioris.

285 2053 300 2073 ν
374 2027 780 2129 walterusssarectarius
809 2037 843 2093 et
870 2028 1019 2094 Thomas
1049 2030 1092 2095 de
1123 2030 1249 2097 Sancto
1278 2030 1414 2095 Albano

308 2141 424 2197 tenent
434 2152 536 2197 vnum
553 2132 713 2209 clausum,
724 2144 758 2197 et
774 2132 918 2198 reddunt
931 2152 989 2217 per
1004 2154 1129 2198 annum
1140 2134 1240 2217 xviij.
1250 2135 1413 2199 denarioa

374 2238 562 2301 Wilielmus
584 2238 751 2302 Harscent
772 2247 865 2303 tenet
883 2258 985 2304 vnum
1001 2240 1160 2316 clausum,
1176 2249 1211 2305 et
1231 2240 1339 2304 reddit
1355 2260 1414 2323 per

308 2359 433 2403 annum
450 2338 490 2421 ij.
502 2339 635 2404 solidoa

375 2442 542 2507 Robertus
571 2443 691 2507 Heued
722 2452 815 2508 tenet
842 2464 944 2509 vnum
971 2445 1131 2521 clausum,
1158 2456 1192 2510 et
1219 2445 1328 2510 reddit
1355 2466 1413 2529 per

308 2567 433 2613 annum
457 2547 523 2630 .xij.
547 2548 709 2612 denarios.
929 2550 1071 2615 Summa
1086 2551 1136 2632 .vj.
1152 2550 1234 2615 libre
1248 2550 1290 2633 ij.
1307 2550 1412 2613 solidi.

946 2656 1088 2721 Summa
1102 2675 1269 2740 caponum
1286 2654 1413 2737 ⁸xxviij.

374 2758 510 2823 Solucio
540 2758 689 2823 redditus
718 2759 761 2822 de
789 2760 987 2844 Maddingle
1014 2762 1160 2826 Domine
1187 2761 1229 2826 de
1256 2760 1335 2825 Ade
1360 2760 1414 2842 .iij.

307 2863 433 2926 solidos
460 2884 519 2946 per
544 2883 677 2926 annum.
730 2864 814 2928 Item
843 2865 951 2928 eidem
979 2886 1039 2948 pro
1065 2865 1093 2947 .j.
1122 2866 1204 2929 libra
1230 2865 1342 2930 cimini
1369 2866 1412 2929 ad

308 2965 438 3049 pascha
487 2968 572 3030 Item
596 2966 755 3030 Abatisse
777 2970 821 3031 de
843 2967 996 3033 Chaterh’
1019 2969 1133 3052 .xij.d.¹

498 3229 547 3295 25.
592 3214 713 3297 [Dreye
735 3214 902 3295 Draytone
922 3214 1012 3296 (Dry
1034 3212 1221 3299 Drayton).]

375 3364 434 3427 Isti
456 3371 534 3427 sunt
556 3361 658 3425 libere
680 3370 833 3425 tenentes
854 3359 974 3423 Prioris
995 3360 1038 3425 de
1060 3360 1261 3427 Bernewelle
1282 3364 1316 3427 in
1334 3365 1413 3430 villa

308 3476 352 3539 de
368 3474 480 3558 Dreye
495 3474 677 3557 draytone:

375 3596 564 3660 Willelmus
579 3596 717 3659 clericus
732 3595 774 3658 de
792 3593 965 3658 Hokitone
981 3603 1073 3659 tenet
1084 3614 1187 3658 vnum
1204 3598 1414 3681 mesuagium

309 3720 385 3764 cum
416 3699 522 3766 crofta
550 3700 733 3773 adiacente,
760 3706 794 3760 et
821 3719 884 3761 .xv.
915 3716 1008 3761 acras
1038 3708 1132 3775 terre,
1159 3707 1193 3762 et
1218 3700 1329 3765 reddit
1354 3724 1414 3787 per

308 3827 433 3870 annum
461 3805 501 3889 .ij.
529 3804 654 3867 solidos
680 3800 730 3884 .vj.
758 3803 921 3879 denarios,
948 3803 991 3866 ad
1018 3803 1103 3866 duos
1130 3804 1208 3867 anni
1236 3806 1415 3871 terminos:

308 3909 435 3975 scilicet
464 3910 507 3974 ad
539 3907 676 3985 Pascha,
705 3916 739 3971 et
769 3908 812 3971 ad
843 3906 964 3971 festum
996 3906 1111 3972 Sancti
1144 3908 1326 3988 Michaelis,
1352 3933 1415 3995 pro
1485 3978 1487 3981 .

308 4014 465 4078 omnibus
488 4010 643 4094 seruicijs.

373 4117 544 4200 Johannes
563 4116 594 4179 le
614 4116 739 4179 Warde
759 4126 852 4179 tenet
873 4116 926 4198 iij.
948 4135 1041 4179 acras
1064 4125 1150 4181 terre
1172 4127 1207 4181 et
1229 4119 1415 4198 dimidiam,

308 4232 343 4289 et
364 4223 473 4287 reddit
491 4222 569 4286 inde
589 4242 648 4305 per
668 4240 792 4285 annum
809 4221 852 4285 ad
868 4222 977 4285 dictos
993 4224 1153 4287 terminos
1169 4224 1243 4307 .viij.
1260 4226 1415 4292 denarios

308 4349 369 4413 pro
384 4326 540 4391 omnibus
555 4324 711 4407 seruicijs.

694 4446 703 4477 ¹
720 4448 813 4497 Added
826 4448 851 4497 in
863 4448 905 4498 the
918 4450 1023 4513 margin.
