3234 5059
329 362 378 432 44
714 338 888 415 Furtlur
905 349 1045 439 granis
1315 334 1435 435 [uoott

382 521 517 580 Concessi
539 521 630 579 eciam
651 522 692 578 eis
714 523 840 581 decimas
863 526 899 580 de
920 524 1046 580 dominio
1066 540 1131 579 meo
1152 523 1188 578 de
1208 519 1391 591 cantebrigia
1408 529 1437 574 et

328 606 489 661 Ecclesiam
505 607 603 661 Sancti
622 606 717 677 Egidij
734 618 764 663 et
782 608 942 664 Ecclesiam
961 608 997 663 de
1016 608 1205 663 Cumbertone
1224 604 1253 659 in
1272 614 1437 675 perpetuant

327 691 520 745 elemosinam
557 692 644 747 Teste
662 692 777 762 Rogero
796 692 941 763 Episcopo
961 690 1180 747 Salesburensi1.

409 897 454 959 14
503 877 605 945 Carta
626 880 754 945 domini
773 880 928 964 Remigt'j
944 880 1181 946 Lincolniermr
1202 876 1360 962 Epucopi.

168 1060 305 1152 uenires,
383 1045 523 1100 Omnibus
544 1058 642 1102 sancte
663 1047 762 1102 matris
783 1047 902 1118 ecclesie
926 1046 991 1116 filijs
1012 1046 1049 1101 ad
1070 1062 1142 1118 quos
1164 1060 1279 1116 presens
1301 1042 1436 1114 scriptum

167 1113 281 1212 ffissffl,
328 1132 487 1202 peruenerit
513 1134 659 1203 Remigius
683 1135 730 1190 dei
753 1135 850 1205 gracia
875 1134 1081 1189 Lincolniensis
1111 1128 1287 1204 Episcopus¹
1309 1140 1436 1186 eternam

165 1212 283 1314 3223·
328 1219 358 1274 in
378 1220 505 1274 Domino
523 1222 652 1277 salutem

165 1312 276 1403 eguntssf
383 1308 503 1363 Nouerit
520 1308 689 1364 uniuersitas
705 1319 799 1364 uestra
816 1325 869 1364 nos
883 1309 980 1365 diuine
996 1309 1108 1381 pietatis
1124 1308 1226 1364 intuitu
1244 1300 1281 1362 ad
1294 1315 1436 1377 presenta-

165 1374 295 1456 {offtetniss
328 1397 439 1452 cionem
451 1406 480 1451 et
492 1397 663 1467 peticionem
675 1398 782 1452 domini
798 1398 895 1467 Pycoti
908 1397 1082 1454 vicecomitis
1094 1398 1208 1453 dedisse
1220 1407 1249 1451 et
1261 1394 1436 1451 concessisse

328 1497 356 1541 et
376 1487 500 1556 presenti
521 1495 600 1540 carta
620 1498 718 1540 nostra
738 1486 921 1541 confirmasse
945 1486 1098 1541 Canonicis
1120 1486 1156 1541 de
1177 1482 1361 1553 cantebrigia
1381 1483 1435 1536 Ec·

329 1574 445 1628 clesiam
459 1574 556 1627 Sancti
570 1572 665 1643 Egidij
679 1574 715 1630 de
729 1573 912 1643 Cantebrigia
924 1576 971 1629 ubi
984 1592 1102 1631 assensu
1115 1585 1211 1629 nostro
1223 1574 1326 1628 domus
1339 1588 1436 1627 eorum

328 1660 447 1716 lundata
467 1671 518 1727 est,
538 1670 567 1716 et
589 1662 751 1718 Ecclesiam
771 1663 808 1717 de
832 1664 971 1719 Mordone
995 1679 1061 1719 cum
1086 1663 1203 1733 Capella
1224 1662 1260 1718 de
1285 1660 1436 1726 Redderia,

330 1748 490 1805 Ecclesiam
505 1750 542 1804 de
557 1750 735 1819 Thadelows,
753 1752 913 1806 Ecclesiam
929 1752 966 1807 de
980 1752 1094 1807 anne
1110 1769 1176 1807 cum
1189 1750 1307 1821 Capella
1319 1746 1436 1804 Castelli

329 1847 440 1891 etcum
460 1838 576 1907 Capella
594 1838 630 1893 de
649 1838 810 1906 caldecote,
830 1840 988 1895 Ecclesiam
1005 1841 1041 1895 de
1061 1842 1259 1908 Cumbertone‚
1278 1836 1436 1893 Ecclesiam

329 1924 365 1979 de
380 1923 572 1994 Maddingele‚
585 1925 745 1980 Ecclesiam
757 1927 794 1981 de
808 1928 957 1995 Ramtone,
971 1928 1115 1983 Ecclesiae
1128 1927 1164 1983 de
1178 1927 1347 1982 Harlestone
1360 1936 1387 1981 et
1401 1925 1436 1981 de

331 2014 491 2081 Henxtone,
512 2012 660 2067 habendas
682 2024 710 2068 et
731 2016 869 2069 tenendas
892 2017 920 2071 in
942 2016 1069 2089 proprios
1092 2033 1159 2072 usus
1180 2016 1267 2071 libere
1290 2012 1384 2087 quiete
1408 2024 1437 2069 et

329 2102 437 2169 integre
453 2117 519 2154 cum
535 2102 667 2155 omnibus
686 2101 803 2157 decimis
820 2114 849 2159 et
868 2106 998 2160 omnibus
1017 2105 1240 2161 obuencionibus
1258 2113 1285 2159 et
1304 2101 1436 2158 omnibus

328 2190 392 2259 alijs
404 2188 585 2260 pertinenciis
598 2188 636 2243 ad
649 2188 775 2260 inopiam
787 2209 869 2247 suam
882 2193 1071 2249 releuandam

384 2279 583 2333 Concessimus
600 2278 690 2333 eciam
706 2279 748 2333 eis
766 2290 794 2334 et
809 2282 934 2351 presenti
950 2292 1029 2336 carta
1045 2292 1142 2337 nostra
1154 2279 1383 2337 confirmauimus
1400 2278 1437 2333 ad

329 2366 572 2437 presentacionem
589 2366 647 2421 iam
664 2366 731 2423 dicti
749 2369 847 2438 Pycoti
866 2369 938 2423 duas
956 2379 1050 2440 partes
1068 2368 1241 2425 decimarum
1255 2370 1292 2423 de
1304 2368 1436 2423 omnibus

330 2454 463 2525 dominiis
482 2454 608 2509 omnium
626 2456 748 2511 militum
766 2457 972 2527 pertinencium
992 2459 1028 2512 ad
1048 2456 1200 2512 Baroniam
1219 2458 1254 2512 de
1274 2458 1388 2511 Brunne
1407 2456 1435 2509 in

330 2542 593 2611 Cantebn'geschire
615 2541 741 2600 scilicet:
766 2544 801 2597 de
825 2545 933 2614 Queya,
952 2546 988 2600 de
1009 2546 1110 2611 stowe,
1130 2545 1166 2599 de
1186 2543 1381 2609 Waterbeche,
1400 2542 1436 2596 de

332 2630 511 2696 Laodbeene,
528 2629 564 2684 de
585 2629 770 2693 Middeltone‚
790 2631 827 2686 de
848 2632 1004 2701 lmpetone,
1021 2632 1057 2686 de
1078 2633 1217 2700 Hystone,
1236 2631 1272 2685 de
1293 2633 1435 2697 Grettone‚

254 2714 271 2764 f·
288 2731 318 2778 14
330 2717 367 2772 de
387 2715 542 2785 Holritone‚
560 2716 596 2771 de
618 2719 767 2785 Ramtone,
786 2718 823 2773 de
842 2719 1010 2787 Cotenbam,
1029 2720 1065 2775 de
1087 2720 1261 2787 Lollewrthe‚
1280 2720 1316 2775 de
1335 2720 1436 2773 Trum-

330 2806 435 2876 pitone,
455 2805 490 2858 de
514 2803 720 2873 Haselingield,
738 2805 775 2860 de
797 2807 961 2875 Harletone,
981 2808 1017 2862 de
1039 2808 1230 2875 Eueresdone,
1249 2809 1285 2862 de
1306 2806 1381 2873 Tolt,
1400 2806 1436 2861 de

332 2892 492 2960 caldecote,
508 2892 544 2945 de
564 2892 746 2961 Kingestone,
764 2892 799 2947 de
818 2894 967 2964 Wynepol,
985 2895 1021 2950 de
1041 2895 1204 2961 Grandem,
1221 2895 1256 2949 de
1277 2894 1437 2962 Hatteleya,

330 2982 367 3035 de
381 2979 596 3050 Pampeswrthe‚
607 2981 642 3035 de
652 2980 833 3047 Aldewincle,
843 2983 989 3037 habendas
1002 2992 1030 3036 et
1040 2982 1178 3037 tenendas
1189 2983 1217 3037 in
1230 2998 1297 3036 usus
1310 2982 1436 3052 proprios

331 3064 446 3134 integre,
456 3065 558 3135 quiete,
567 3065 662 3131 libere,
672 3065 710 3119 ad
722 3065 824 3119 domus
834 3082 884 3119 sue
894 3076 921 3121 et
931 3067 959 3120 in
970 3083 1004 3121 ea
1013 3067 1068 3122 deo
1077 3066 1262 3122 seruiencium
1272 3075 1436 3137 perpetuam

331 3153 581 3209 sustentaciouem.
619 3153 668 3223 Hij
682 3164 747 3207 sunt
760 3162 846 3208 testes
859 3163 911 3208 etc.

404 3378 451 3443 ις.
498 3362 601 3429 carta
621 3362 750 3426 nmini
770 3361 899 3426 Herae
918 3362 1064 3426 utnon
1085 3361 1235 3444 Episcopi
1248 3358 1363 3442 pem.

169 3526 317 3582 ueneno.
386 3522 531 3579 Herueus³
553 3523 599 3578 dei
617 3523 714 3592 gracia
736 3522 866 3591 Elyensis
891 3522 1048 3593 Episcopus
1070 3523 1201 3577 omnibus
1224 3530 1320 3575 sancte
1340 3517 1438 3573 matris

168 3580 319 3683 ἵιξέιζέᾧζι
330 3610 448 3668 ecclesie
461 3610 526 3679 filijs
538 3620 565 3664 et
578 3610 710 3665 fidelibus
722 3610 842 3665 salutem
855 3620 883 3665 et
895 3609 941 3665 dei
954 3609 1181 3665 benedictionem
1194 3617 1220 3662 et
1234 3624 1323 3661 suam.
1423 3610 1425 3614 ⁴

168 3680 279 3781 iim,
386 3697 529 3753 Noueritis
554 3715 606 3753 nos
630 3698 726 3753 diuine
749 3698 863 3767 pietatis
888 3698 991 3753 intuitu
1011 3698 1049 3753 ad
1071 3696 1308 3769 presentationem
1330 3692 1437 3749 domini

167 3782 439 3873 {ggflm20fPagani
460 3788 576 3842 Peuerel
597 3786 710 3842 dedisse
728 3796 757 3842 et
777 3788 952 3842 concessisse
972 3797 1000 3842 et
1020 3786 1141 3857 presenti
1160 3795 1239 3841 carta
1256 3795 1352 3839 nostra
1371 3801 1436 3839 con·

171 3843 308 3933 Reffiinus·
331 3874 459 3931 firmasse
478 3875 630 3931 Canonicis
648 3874 823 3944 regularibus
842 3875 879 3930 de
902 3876 1074 3930 Barnewelle
1095 3890 1194 3929 omnes
1213 3872 1348 3928 ecclesius
1366 3888 1437 3943 quas

332 3963 514 4033 predecessor
534 3973 630 4018 noster
651 3963 724 4017 bone
745 3962 879 4017 memorie
902 3963 1042 4017 Dominus
1065 3962 1209 4031 Remigius
1234 3958 1438 4016 Lincolniensis

333 4050 491 4122 Episcopus
510 4052 551 4105 eis
568 4050 709 4105 concessit
726 4058 755 4103 et
773 4066 825 4104 sua
844 4060 922 4105 carta
940 4050 1124 4105 confirmauit.

527 4212 536 4244 ¹
554 4214 593 4279 Bp
604 4212 634 4263 oi
642 4212 779 4276 Salisbury,
794 4227 821 4261 rr
835 4211 903 4276 Aug.
918 4223 1079 4277 ¹¹07-1139
1091 4212 1127 4273 (d.
1139 4230 1155 4274 4
1166 4208 1250 4275 Dec).

526 4295 537 4328 ¹
554 4298 593 4361 Bp
604 4297 633 4346 oi
642 4295 757 4356 lincoln,
774 4294 933 4361 roeo-1092
947 4296 983 4357 (d.
995 4293 1010 4345 6
1023 4292 1102 4360 May).

527 4377 538 4411 ⁸
555 4380 594 4444 Bp
605 4379 634 4429 ol
643 4378 700 4443 Ely,
716 4393 873 4443 trop-1131
889 4378 925 4441 (d.
937 4392 970 4443 go
981 4376 1070 4442 Aug).
