3234 5059
194 376 267 477 vn]
502 378 663 455 Tonants
689 378 730 451 in
756 376 980 475 Madz'ngley
1225 396 1295 473 307

600 671 649 734 23.
694 651 896 737 [caldecota]

259 803 364 866 Anno
386 802 478 885 regni
504 802 606 883 Regis
630 800 787 864 Edwardi
809 800 958 864 secundo
981 799 1085 883 petite
1107 800 1239 863 luerunt
1257 798 1301 863 de

193 916 265 971 tota
287 906 401 971 villata
423 907 467 970 de
489 905 672 971 Caldecote
694 906 769 989 .viij.
792 926 903 970 marce
932 926 993 988 pro
1015 914 1210 988 contemptu
1238 904 1299 969 sub

193 1011 288 1074 uiridi
312 1032 406 1089 cera;
429 1020 462 1075 et
479 1011 611 1075 luerunt
633 1011 741 1074 solute
763 1010 842 1093 quia
865 1009 1017 1074 homines
1032 1009 1109 1074 ville
1132 1008 1218 1073 illius
1240 1029 1300 1092 per

191 1113 291 1178 aliam
323 1116 412 1179 uiam
442 1115 582 1178 transire
611 1134 679 1177 non
709 1123 898 1197 potuerunt
944 1113 1021 1199 Que
1054 1114 1191 1198 quidem
1221 1124 1299 1177 octo

192 1238 302 1284 marce
317 1219 455 1285 collecte
470 1217 603 1283 luerunt
621 1218 684 1282 hoc
700 1220 811 1283 modo.
856 1218 945 1283 Tota
960 1218 1073 1284 villata
1088 1218 1300 1283 diuidebatur

190 1323 225 1386 in
241 1324 325 1387 duas
340 1332 461 1407 partes,
481 1322 607 1388 scilicet
626 1324 659 1386 in
675 1321 775 1387 seodo
790 1322 962 1400 libertatis
977 1332 1011 1387 et
1027 1322 1126 1387 seodo
1141 1322 1300 1405 gildabili.

194 1427 263 1510 ipsi
278 1428 336 1512 qui
356 1427 516 1493 tenebant
535 1427 579 1493 de
599 1426 752 1492 libertate
772 1426 945 1492 soluerunt
965 1448 1026 1491 sex
1043 1447 1179 1503 marcas,
1194 1436 1229 1491 et
1243 1447 1299 1491 eas

192 1534 352 1598 miserunt
366 1532 409 1597 ad
422 1533 622 1597 scaccarium
636 1532 738 1615 Regis
755 1552 815 1615 per
830 1533 987 1596 nuncium
1003 1552 1110 1609 suum,
1125 1540 1159 1595 et
1175 1530 1298 1595 ibidem

191 1636 318 1700 talliam
357 1645 559 1719 receperunt.
605 1636 674 1719 Ipsi
712 1656 792 1700 uero
829 1636 885 1719 qui
923 1635 1084 1701 tenebant
1120 1622 1176 1699 de'
1200 1635 1299 1699 feodo

192 1740 341 1824 gildabili
362 1741 534 1806 coluerunt
554 1741 638 1804 duas
659 1760 788 1804 marcas
808 1739 957 1804 residuas
977 1741 1020 1804 de
1042 1738 1141 1802 feodo
1160 1739 1299 1803 Roberti

192 1846 223 1909 le
250 1845 344 1923 Goiz,
369 1855 403 1909 et
433 1865 490 1909 eas
516 1845 686 1909 soluerunt
712 1846 899 1911 vicecomiti
928 1844 1148 1927 Cantebrigie‚
1174 1844 1328 1908 scilicetr.
1344 1872 1388 1921 172

194 1949 343 2013 Roberto
365 1949 420 2013 del
444 1949 552 2027 Estre,
566 1957 601 2012 et
623 1948 756 2013 suerunt
779 1948 919 2012 collecte
940 1947 1026 2012 inter
1048 1956 1200 2011 tenentes
1222 1947 1298 2010 sub-

192 2053 333 2136 scriptos
355 2053 527 2117 videlicet:

193 2200 238 2253 De
251 2198 393 2253 Willelmo
405 2198 442 2253 de
457 2200 571 2253 Mortuo
585 2198 659 2252 Mori
672 2198 721 2267 qui
733 2197 824 2253 tenuit
838 2198 881 2252 .xl.
895 2214 985 2265 acras,
997 2196 1145 2252 dimidiam
1164 2214 1298 2253 marcam.

193 2289 239 2343 De
252 2288 348 2342 Priore
360 2288 396 2342 de
409 2288 580 2342 Bemewelle
591 2288 640 2358 qui
653 2286 742 2342 tenuit
754 2307 806 2343 .xv.
820 2304 911 2355 acras,
924 2306 993 2342 .xxx.
1007 2285 1147 2342 denarios.

194 2376 238 2429 De
252 2374 394 2430 Michaele
405 2374 442 2430 de
458 2374 645 2444 Trumpitone
661 2372 710 2444 qui
725 2374 816 2429 tenuit
832 2373 906 2445 .xiiij.
925 2390 1006 2429 acras
1018 2384 1046 2428 et
1059 2372 1215 2442 dimidiam,
1228 2392 1298 2430 ,κα

262 2461 404 2518 denarios.

193 2554 239 2607 De
252 2550 378 2607 Roberto
391 2551 462 2607 Mile
473 2552 521 2622 qui
533 2550 624 2605 tenuit
635 2568 669 2605 ‚rc
682 2566 773 2619 acras,
785 2570 837 2607 ‚xx.
851 2551 990 2606 denarios.

192 2644 238 2696 De
250 2641 377 2696 Walters
389 2640 425 2695 de
439 2640 585 2695 Kimwelle
596 2639 644 2710 qui
657 2640 746 2696 tenuit
759 2640 832 2710 xxij.
845 2656 935 2707 acras,
948 2639 1032 2709 .xliiij.
1046 2640 1185 2695 denarios.

192 2732 238 2783 De
251 2728 379 2784 Gallrido
392 2728 475 2800 Crisp
486 2728 535 2799 qui
547 2727 637 2784 tenuit
649 2728 713 2799 ‚xiii
727 2744 817 2795 acras,
830 2728 909 2783 ‚xxvi
923 2729 1062 2783 denarios.

193 2820 238 2873 De
253 2818 376 2873 Roberte
387 2817 424 2872 de
438 2818 551 2872 Brunne
562 2826 590 2872 et
603 2817 787 2887 participibus
800 2816 858 2872 suis
871 2834 922 2887 pro
935 2836 967 2871 .x.
981 2816 1062 2884 acris,
1076 2835 1127 2871 .xx.
1141 2817 1279 2872 denarios.

193 2908 238 2961 De
252 2906 376 2975 Hugone
389 2905 425 2960 de
439 2906 557 2960 Estcote
569 2904 617 2976 qui
631 2904 720 2960 tenuit
732 2913 790 2960 tres
802 2921 892 2971 acras,
906 2906 950 2976 .vj.
964 2904 1103 2960 denarios.

194 2994 238 3047 De
253 2994 364 3062 Rogero
377 2992 488 3047 Clerico
500 2992 547 3063 qui
560 2994 651 3048 tenuit
662 3001 784 3064 quatuor
795 3008 884 3059 acras,
898 2992 963 3062 .viij.
977 2992 1117 3048 denarios.

192 3082 238 3136 De
252 3079 378 3136 ilenrico
390 3081 417 3135 le
430 3081 572 3150 Franceys
584 3080 632 3151 qui
645 3079 735 3135 tenuit
747 3091 869 3150 quatuor
881 3096 972 3149 acras,
984 3080 1049 3151 .viij.
1063 3080 1202 3135 denarios.
1276 3086 1278 3089 '

192 3171 238 3224 De
251 3168 376 3224 Roberto
389 3168 480 3239 Sygar
490 3167 539 3237 qui
552 3167 642 3222 tenuit
654 3166 717 3236 .xiij.
731 3184 821 3234 acras,
834 3166 914 3238 .xxvj.
927 3167 1066 3223 denarios

193 3259 238 3314 De
252 3257 358 3327 Roysia
369 3258 406 3313 de
417 3257 590 3313 'l'hadelowe
601 3256 650 3328 qui
662 3256 753 3312 tenuit
764 3254 822 3326 iiij.
835 3273 924 3324 acras,
938 3255 1002 3327 .viij.
1015 3257 1155 3313 denarios.

461 3502 510 3566 24
555 3484 768 3569 [Maddingle
788 3424 1033 3569 (Mutuom

257 3644 317 3709 Isti
333 3652 411 3708 sunt
426 3652 579 3708 tenentes
595 3642 716 3707 Prioris
730 3642 775 3707 de
790 3641 993 3707 Bemewelle
1008 3644 1042 3707 in
1060 3644 1274 3728 Maddingle:

258 3792 409 3875 Rogerus
439 3791 624 3857 Vendhout
653 3800 746 3856 tenet
776 3790 855 3874 ‚xiii
885 3812 978 3855 acras
1008 3800 1094 3857 terre
1124 3812 1200 3857 cum
1230 3813 1296 3857 vno

191 3897 372 3978 mesuagio,
383 3906 418 3960 et
429 3897 538 3961 reddit
549 3894 627 3959 inde
639 3915 834 3977 perannum
846 3895 921 3978 .viij.
933 3896 1068 3973 solidos,
1080 3896 1122 3980 ij.
1134 3898 1296 3973 denarios,

190 4001 336 4077 obolum,
352 4000 395 4063 ad
416 4002 575 4063 terminos
593 3999 732 4077 usuales,
747 4009 781 4064 et
796 4001 882 4064 duos
897 4020 1041 4085 capones
1056 4000 1099 4065 ad
1118 4001 1248 4079 Natale,
1263 4012 1297 4066 et

191 4105 254 4170 hoc
269 4113 498 4169 tenementum
515 4105 615 4169 estin
632 4104 837 4188 Maddingle

258 4210 353 4273 idem
372 4208 523 4291 Rogems
538 4218 631 4273 tenet
646 4210 680 4272 in
701 4210 829 4294 campis
844 4210 888 4275 de
904 4210 998 4275 Cotis
1013 4211 1087 4295 .viij.
1103 4232 1196 4276 acras
1211 4221 1298 4277 terre

190 4324 224 4377 et
241 4312 349 4378 reddit
365 4312 443 4377 inde
458 4334 516 4397 per
531 4334 655 4377 annum
672 4315 780 4399 xxxj.
795 4316 957 4381 denarios.

257 4417 425 4481 Walterus
445 4416 532 4480 filius
555 4417 712 4501 Hugonis
732 4420 765 4483 in
785 4420 910 4502 angulo
930 4429 1022 4485 tenet
1043 4422 1076 4485 in
1101 4421 1298 4505 Maddingle

1119 4569 1215 4611 20-2
