3234 5059
670 1442 841 1516 LIBER
878 1440 1140 1517 TERTIUS.

348 1679 410 1753 De
419 1679 582 1777 placitos,
603 1678 845 1776 Infortunijs,
866 1678 1117 1752 ltz'neroctone
1127 1672 1452 1778 Juslicianomtm,

589 1808 624 1872 et
648 1798 738 1896 olz'js
764 1796 1017 1872 macionibus
1042 1796 1210 1870 dz'tcersis.

373 2048 398 2095 1.
443 2029 609 2093 Placitum
623 2039 733 2094 contra
748 2028 928 2093 Mobiliam
944 2048 1072 2093 oxorem
1091 2025 1244 2109 Galfn‘di
1255 2026 1295 2090 de
1310 2024 1438 2091 Howes.

183 2202 338 2248 rheu-eor
414 2185 672 2249 Memorandum
694 2184 784 2268 quod
806 2183 976 2250 Galfridus
996 2184 1039 2247 de
1063 2182 1186 2245 Howes
1207 2182 1314 2246 tenuit
1337 2202 1453 2264 quam-

185 2254 290 2398 Ξοζνδῖἒῖ,
348 2289 426 2354 dam
442 2298 565 2353 terram
582 2290 614 2353 in
632 2290 850 2373 Maddingele
862 2289 904 2353 de
918 2290 1029 2352 Priore
1043 2286 1228 2353 Laurencio
1240 2296 1274 2351 et
1285 2296 1452 2351 conuentu

185 2368 299 2459 acrisia
348 2396 391 2459 de
427 2394 637 2472 Bernewelle‚
668 2395 710 2458 ad
746 2395 925 2459 terminum
963 2394 1031 2457 vite
1067 2413 1133 2469 sue,
1167 2410 1226 2474 per
1260 2390 1327 2454 tale
1360 2412 1453 2473 cyro-

186 2456 289 2499 Howee.

348 2499 532 2584 graphum:

621 2701 648 2747 2.
695 2680 798 2749 Carta
826 2681 980 2765 Galsridt'
1000 2682 1039 2745 dc
1062 2681 1191 2745 Howes.

184 2859 334 2911 agreement
402 2838 500 2894 Sciant
518 2847 664 2909 presentes
684 2844 711 2891 et
731 2834 815 2889 futuri
834 2834 911 2905 quod
930 2850 983 2904 ego
1001 2834 1145 2889 Gaisridus
1162 2834 1235 2888 filius
1253 2832 1399 2889 Godefridi
1417 2834 1453 2888 de

182 2909 297 3011 ἅῗζᾶξξξ
349 2925 454 2979 Howes
470 2922 563 2993 recepi
580 2940 598 2977 a
616 2921 773 2977 Laurencio
791 2922 887 2975 Priore
899 2929 927 2975 et
941 2921 1089 2975 Conuentu
1103 2918 1232 2975 Ecclesie
1249 2920 1339 2975 sancti
1357 2920 1450 2989 Egidij

183 3009 313 3103 timor
347 3011 383 3065 de
403 3010 574 3065 Bernewelle
586 3010 685 3078 viginti
702 3020 731 3064 et
747 3025 833 3063 vnam
850 3006 946 3062 acras¹
963 3018 990 3062 et
1006 3024 1092 3061 vnam
1110 3008 1209 3062 rodam
1226 3020 1298 3063 terre
1315 3007 1452 3075 amabilis,

184 3109 312 3152 anunente
346 3108 375 3152 et
395 3114 481 3153 vnam
503 3113 599 3151 acram
623 3108 651 3151 et
675 3095 822 3151 dimidiam
847 3098 883 3151 de
907 3104 996 3165 prato,
1016 3096 1092 3150 illam
1116 3096 1221 3151 scilicet
1243 3108 1346 3151 terram
1367 3113 1453 3167 quam

182 3160 328 3252 {irffiffw
348 3184 518 3242 Godeiridus
543 3195 622 3255 pater
646 3202 726 3240 meus
751 3184 840 3239 tenuit
864 3184 900 3239 de
926 3184 1053 3255 predicto
1078 3184 1173 3241 Priore
1197 3196 1225 3239 et
1250 3196 1391 3240 conuentu
1416 3186 1453 3239 ad

183 3258 333 3352 {nffffl‘ffld
347 3274 520 3328 uoluntatem
545 3273 722 3328 eorum-ad
746 3272 908 3326 habendam
934 3282 963 3326 et
991 3272 1144 3327 tenendam
1168 3289 1254 3342 quam
1282 3273 1330 3328 diu
1358 3272 1453 3327 uixero

182 3358 291 3452 imin
346 3360 433 3417 libere
458 3371 486 3416 et
514 3360 608 3432 quiete
637 3359 775 3415 soluendo
799 3360 865 3415 inde
890 3358 931 3415 eis
956 3376 1007 3431 per
1030 3377 1137 3416 annum
1166 3378 1268 3416 nouem
1292 3361 1399 3417 solidos
1423 3371 1452 3416 et

184 3459 302 3513 uncina.
347 3458 467 3520 quatuor
481 3448 611 3504 denarios
630 3458 658 3503 et
677 3466 765 3503 unum
782 3448 969 3519 quadrantem
988 3447 1025 3502 ad
1044 3445 1115 3501 duos
1134 3446 1277 3513 terminos,
1291 3446 1397 3503 scilicet
1414 3448 1451 3502 ad

181 3509 309 3604 {aime
346 3537 450 3591 festum
475 3536 566 3591 sancti
593 3535 742 3591 Michaelis
769 3546 890 3607 quatuor
918 3534 1023 3589 solidos
1047 3543 1075 3588 et
1101 3544 1165 3589 octo
1189 3532 1337 3601 denarios;
1362 3544 1389 3589 et
1413 3535 1451 3589 ad

179 3609 307 3712 ἔξω
348 3623 458 3678 Pascha
479 3622 535 3677 iiii.
558 3622 663 3677 solidos
685 3633 713 3677 et
734 3622 799 3691 .viij.
822 3622 953 3676 denarios
974 3630 1003 3676 et
1024 3637 1110 3675 unum
1135 3620 1340 3692 quadrantem
1365 3631 1392 3675 et
1415 3620 1451 3675 ad

181 3710 271 3753 ⁸¹²⁰¹¹¹d
348 3711 451 3766 Nataie
470 3709 542 3765 duos
561 3728 700 3782 capones;
724 3728 775 3782 pro
797 3710 930 3766 omnibus
952 3708 1077 3779 semicijs
1099 3720 1127 3763 et
1151 3708 1401 3765 consuetudinibus
1424 3718 1451 3763 et

182 3767 312 3853 {ritmo
345 3797 547 3866 exactionibus,
560 3799 647 3854 saluis
663 3810 758 3853 tamen
775 3798 830 3852 illis
846 3798 1097 3853 consuetudinibus
1115 3814 1185 3867 quas
1205 3807 1278 3853 terra
1297 3797 1344 3851 illa
1360 3796 1451 3851 facere

287 3922 292 3931 ·
346 3886 472 3941 solebat:
490 3896 518 3941 et
530 3895 594 3956 post
607 3896 727 3940 mortem
739 3900 833 3939 meam
846 3896 905 3940 tota
918 3895 991 3941 terra
1005 3884 1200 3956 prenominata
1211 3884 1307 3955 quieta
1320 3893 1347 3938 et
1360 3884 1451 3938 soluta

345 3975 383 4028 ad
402 3975 479 4044 ipsos
501 3983 661 4029 reuertetur.
700 3976 755 4027 Pro
775 3973 831 4028 hac
850 3982 944 4028 autem
964 3970 1148 4028 concessione
1169 3982 1197 4026 et
1217 3982 1293 4027 carte
1313 3988 1363 4026 sue
1384 3988 1450 4026 con·

346 4062 509 4118 firmacione
526 4063 592 4117 dedi
611 4061 737 4133 predicto
757 4060 845 4115 Priori
864 4070 892 4115 et
911 4060 1063 4115 conuentui
1083 4070 1139 4114 tres
1157 4075 1268 4114 marcas
1287 4059 1394 4129 argenti
1415 4060 1450 4115 de

345 4166 484 4219 gersuma
523 4152 561 4205 Et
585 4150 621 4204 de
645 4150 700 4203 isto
723 4158 886 4204 tenemento
908 4148 1073 4203 fidelitatem
1094 4148 1135 4203 eis
1157 4147 1327 4202 seruandam
1348 4146 1450 4216 juraui.

347 4238 385 4293 Et
404 4236 432 4291 in
451 4237 535 4296 huius
553 4238 591 4297 rei
610 4236 803 4292 testimonium
822 4246 873 4291 etc.
894 4236 949 4291 hiis
967 4236 1087 4291 testibus
1104 4244 1158 4290 etc.

798 4404 808 4440 ¹
826 4422 918 4464 acram,
931 4404 988 4458 MS.
