3234 5059
416 368 529 466 Office
555 370 682 467 estha
708 364 814 471 Holy
846 372 885 446 T
878 373 1000 471 rinz'ly
1225 392 1270 468 17

164 551 207 615 uie
229 550 301 615 eius.
345 554 421 633 Quis
446 556 526 618 eninr
552 557 694 637 cognouit
719 578 841 621 sensum
865 558 1000 623 domini!
1028 562 1090 621 Aut
1110 558 1177 638 quis
1197 579 1268 621 con·

162 650 278 715 siliarius
300 651 364 716 eius
383 653 454 717 luit!
480 658 542 718 Aut
561 656 628 735 quis
647 655 727 737 pn'or
745 657 830 722 dedit
850 657 893 721 illi
913 670 1005 737 atque
1025 658 1203 723 retribuetur
1222 657 1269 720 eit

77 805 79 814 .
162 750 308 828 Quoniam
323 772 362 815 ex
380 753 446 834 ipso
462 765 553 833 atque
572 775 626 834 per
645 756 744 835 ipsum
758 768 849 836 atque
863 758 895 821 in
908 756 974 837 ipso
988 772 1058 821 sunt
1072 757 1192 820 omnia!
1212 756 1269 837 ipsi

160 850 248 930 gloria
260 850 292 913 in
307 853 409 915 secula
419 854 588 917 seculorum
602 858 710 917 Arnen.

218 952 275 1013 Gr.
313 952 495 1016 Benedictus
515 972 548 1015 es
569 953 691 1017 domine
711 954 763 1035 qui
784 955 908 1019 intueris
928 958 1053 1036 abyssos
1073 966 1164 1035 atque
1180 957 1270 1019 sedes

160 1068 246 1129 super
265 1050 427 1129 cherubyn.
1344 1040 1347 1047 ’

224 1150 254 1211 V.
299 1147 474 1211 Benedicite
492 1150 583 1212 deum
602 1152 658 1214 celi
678 1150 748 1229 quia
767 1152 838 1214 lecit
857 1152 1015 1214 nobiscum
1034 1147 1267 1213 misericordiam

158 1267 247 1309 suam.
292 1248 428 1310 Alleluia.

224 1348 255 1410 V.
299 1348 480 1410 Benedictus
512 1368 545 1411 es
577 1349 701 1412 domine
734 1350 808 1413 deus
836 1360 954 1430 patrum
981 1359 1150 1411 nostrorum
1178 1359 1269 1428 atque

154 1444 310 1507 laudabilis
329 1445 361 1506 in
381 1448 490 1509 secula

216 1546 377 1607 &cundum
383 1548 557 1625 solennem.
596 1550 632 1607 ln
655 1548 706 1608 illo
720 1558 865 1626 tempore.
903 1546 986 1609 Dixit
999 1548 1100 1609 ihesus
1113 1545 1267 1625 discipulis

155 1642 222 1703 suis.
267 1644 345 1705 Cum
370 1642 485 1705 uenerit
509 1644 667 1723 paraclitus
692 1666 782 1724 quern
807 1666 865 1725 ego
889 1646 1004 1707 mittam
1030 1646 1118 1707 uobis
1142 1665 1160 1705 a
1182 1656 1266 1722 patre

154 1740 290 1817 spiritum
304 1740 436 1803 ueritatis
450 1743 501 1821 qui
515 1754 631 1823 epatre
645 1743 795 1823 procedit!
817 1744 866 1806 ille
880 1741 1084 1806 testimonium
1098 1742 1267 1821 perhibebit

153 1838 192 1899 de
208 1858 265 1901 me.
310 1838 349 1900 Et
369 1859 423 1901 uos
442 1842 648 1903 testimonium
666 1840 878 1921 perhibebitis!
893 1842 964 1921 quia
981 1843 1021 1904 ab
1038 1840 1131 1903 inicio
1147 1860 1264 1903 mecum

67 1968 71 1979 ·
153 1935 233 1999 estis.
279 1940 349 1999 Hec
366 1940 485 2001 locutus
503 1958 569 2001 sum
587 1938 694 2003 uobis!
715 1950 748 2001 ut
766 1960 829 2002 non
848 1938 1100 2003 scandalinemini.
1142 1941 1266 2018 Absque

151 2034 313 2115 synagogis
336 2036 447 2099 sacient
468 2055 531 2100 uos
574 2040 635 2101 Sed
656 2038 739 2101 uenit
759 2039 851 2101 bora!
879 2050 913 2101 ut
932 2037 1032 2101 omnis
1052 2037 1104 2117 qui
1128 2036 1267 2100 interficit

152 2154 209 2197 uos
236 2134 396 2197 arbitretur
421 2136 600 2215 obsequium
625 2148 741 2215 patrare
765 2137 834 2199 deo.
878 2138 918 2198 Et
942 2137 999 2199 hec
1023 2134 1134 2198 facient
1160 2135 1266 2197 uobis!
1324 2163 1330 2177 ·

150 2234 225 2307 quia
235 2252 299 2295 non
310 2244 459 2296 nonerunt
470 2246 584 2313 patrem
599 2255 699 2314 neque
713 2256 770 2298 me.
803 2237 863 2298 Sed
878 2238 935 2298 hec
948 2237 1067 2297 locutus
1080 2256 1146 2296 sum
1160 2234 1266 2297 uobis!

149 2342 184 2391 ut
198 2350 269 2392 cum
284 2332 400 2395 uenerit
413 2334 487 2393 hora
501 2352 604 2394 eorum
619 2332 868 2396 reminiscamini!
889 2333 960 2412 quia
973 2354 1030 2411 ego
1043 2333 1105 2394 dixi
1118 2333 1214 2396 uobis.

219 2430 277 2508 Off
335 2430 514 2492 Benedictus
549 2432 587 2492 sit
621 2432 696 2493 deus
731 2432 1053 2512 pater-unigenitusque
1087 2432 1137 2494 dei
1172 2432 1266 2493 {illust

150 2532 282 2589 Sanctus
296 2548 418 2607 quoque
435 2528 553 2607 spiritus
572 2528 643 2607 quia
660 2530 731 2591 lecit
749 2529 906 2592 nobiscum
923 2528 1156 2592 misericordiam
1172 2550 1265 2591 suam.

152 2628 235 2687 Com.
281 2626 491 2690 Benedicimus
512 2629 602 2689 deum
623 2626 680 2688 celi
702 2639 793 2706 atque
814 2648 915 2689 coram
937 2627 1077 2690 omnibus
1096 2627 1266 2690 uiuentibus

148 2724 364 2788 confitebimur
384 2724 412 2786 ei
432 2723 503 2803 quia
523 2722 594 2786 lecit
614 2722 770 2786 nobiscum
793 2722 1026 2787 misericordiam
1041 2744 1134 2787 suam.

213 2824 265 2882 Dc
290 2831 391 2883 sancta
417 2842 502 2884 cruce.
560 2823 720 2884 &andum
748 2824 912 2883 Matheum.
970 2825 1009 2884 In
1043 2822 1095 2884 illo
1130 2834 1267 2901 tempore

147 2922 321 2983 ascendens
349 2920 449 2983 ihesus
476 2919 694 2982 ierosolimamt
726 2923 887 3000 assumpsit
915 2920 1076 2983 duodecim
1104 2922 1267 2999 discipulos

147 3038 225 3080 suos
245 3031 368 3082 secreto.
410 3030 501 3097 atque
520 3018 560 3081 ait
580 3018 643 3080 illis.
690 3022 769 3081 Ecce
788 3020 978 3083 ascendimus
995 3020 1214 3083 ierosolimam!
1237 3032 1266 3083 et

147 3120 231 3181 filius
246 3118 375 3180 bominis
391 3119 521 3180 tradetur
539 3117 724 3198 principibus
743 3120 934 3180 sacerdotum
953 3130 1044 3195 atque
1058 3119 1161 3181 scribis
1175 3131 1265 3197 atque

146 3218 422 3296 condempnabunt
446 3236 516 3279 eum
541 3228 645 3279 morte.
690 3218 729 3277 Et
751 3219 869 3279 tradent
891 3237 960 3277 eum
984 3215 1123 3296 gentibus
1143 3218 1182 3279 ad
1204 3218 1325 3285 iun-e,

147 3310 297 3372 dendum.
341 3322 433 3388 atque
453 3311 672 3389 flagellandum.
715 3321 806 3387 atque
827 3309 1071 3389 crucifigendum.
1114 3314 1154 3373 Et
1175 3310 1267 3373 tercia

146 3406 201 3469 die
225 3426 307 3468 resur
327 3418 365 3468 et.

215 3428 377 3564 &turegum
398 3500 546 3561 Marcum.
589 3502 626 3562 In
648 3501 700 3561 illo
724 3512 878 3579 tempore:
907 3504 1064 3564 Venerunt
1087 3502 1126 3563 ad
1150 3501 1266 3564 ihesum

146 3598 282 3663 Saducei
302 3599 354 3680 qui
372 3599 477 3660 dicunt
496 3596 740 3660 resurrectionem
761 3619 824 3661 non
838 3604 926 3676 esse!¹
941 3611 1033 3677 atque
1046 3597 1268 3679 interrogabant

145 3720 223 3762 eum
252 3698 393 3761 dicentes
439 3696 599 3776 Magister!
635 3700 758 3777 Moyses
785 3698 874 3761 nobis
902 3698 1026 3777 scripsit.
1070 3710 1103 3761 ut
1130 3698 1155 3759 si
1182 3697 1266 3760 cuins

144 3802 241 3861 frater
269 3810 403 3859 mortuns
431 3796 518 3859 luerit
545 3808 636 3877 atque
664 3795 808 3861 dimiserit
837 3818 960 3860 uxorem
984 3810 1077 3876 atque
1103 3797 1180 3859 lilios
1204 3817 1266 3859 non

143 3894 321 3974 reliquerit}
342 3892 471 3970 accipiat
491 3895 580 3955 frater
600 3891 663 3954 eius
685 3910 808 3953 uxorem
830 3891 922 3970 ipsius
941 3905 971 3955 et
989 3891 1145 3955 resuscitet
1162 3911 1266 3953 semen

144 3994 235 4055 fratri
262 4014 326 4055 suo.
379 3996 500 4070 Septem
524 4012 595 4071 ergo
623 3994 725 4053 fratres
752 3994 855 4053 erant!
889 4002 980 4070 arque
1009 3992 1122 4069 primus
1149 3991 1266 4069 accepit

143 4110 286 4155 uxorem.
328 4101 420 4168 atque
444 4100 578 4151 mortuus
602 4102 734 4149 estnon
759 4086 863 4151 relicto
886 4088 1010 4151 semine.
1054 4092 1093 4152 Et
1116 4091 1266 4151 secundus

143 4188 271 4269 accepit
297 4210 363 4252 eam
387 4199 478 4268 atque
503 4199 637 4249 mortuns
661 4200 715 4260 est,
739 4199 830 4265 atque
854 4206 912 4250 nec
936 4190 992 4251 iste
1012 4186 1130 4266 reliquit
1152 4208 1263 4250 semen.

142 4292 189 4352 Et
205 4286 311 4351 tertius
329 4286 471 4349 similiter.
514 4287 554 4345 Et
572 4296 752 4364 acceperunt
769 4306 836 4347 earn
856 4284 990 4346 similiter
1003 4288 1138 4363 septem!
1159 4296 1190 4348 et
1203 4306 1265 4349 non

141 4390 336 4468 reliquerunt
363 4406 475 4450 semen.
529 4383 702 4446 Nouissima
729 4397 831 4447 autem
859 4385 1015 4446 omniumf
1050 4385 1194 4447 defuncta
1213 4396 1266 4458 ,est

236 4534 263 4575 C.
1166 4529 1182 4567 2
