3234 5059
345 349 415 437 248
617 347 815 421 Hundred
834 349 881 445 of
900 347 1168 446 Armingford
1327 348 1447 447 [Boon

415 528 566 611 Wendeye
588 529 760 615 [Wendy].
807 531 918 596 Alicia
939 534 1011 597 sine
1033 533 1185 597 Mauntel
1207 544 1242 596 et
1268 534 1448 616 participes

343 636 392 697 sui
416 644 531 698 tenent
554 636 738 699 manerium
762 636 805 699 de
827 636 926 701 feodo
948 637 1128 701 Camerarii
1145 660 1205 721 per
1219 638 1390 721 socagium
1406 637 1449 701 de

342 738 467 802 honore
490 740 712 804 Richmondie
730 752 764 805 et
779 742 881 805 debet
896 743 924 806 .i.
940 752 1077 819 sectam,
1092 752 1127 806 et
1147 744 1190 807 de
1212 742 1340 805 auxilio
1362 742 1448 805 vice·

342 842 474 905 comitis
508 865 576 907 .x.s.
606 854 641 907 et
674 855 753 908 sunt
787 844 913 909 ibidem
944 846 1007 928 vij.
1037 846 1115 910 hide
1152 846 1334 929 geldabiles
1369 866 1447 910 cum

344 948 533 1011 Knetswith
559 948 809 1032 [Kneesworth]
831 971 898 1032 que
920 961 971 1013 est
993 951 1036 1013 de
1059 950 1158 1015 feodo
1181 950 1372 1016 Camerarii.

419 1052 564 1117 Waddon
599 1052 820 1136 [Whaddon].
880 1054 1050 1119 Galfridus
1082 1056 1126 1119 de
1164 1056 1319 1120 Scalariis
1356 1064 1448 1118 tenet

343 1156 441 1221 seoda
457 1158 508 1239 .iij.
526 1157 668 1221 militum
688 1158 730 1222 de
751 1158 852 1223 feodo
866 1160 909 1221 de
930 1157 1087 1224 Scalariis
1107 1168 1141 1223 et
1161 1159 1262 1223 debet
1277 1160 1305 1222 .i.
1321 1167 1446 1222 sectam

341 1282 443 1343 quam
460 1262 609 1325 Thomas
630 1262 672 1325 de
690 1261 846 1326 Waddon
868 1262 947 1327 facit
966 1283 1027 1345 pro
1044 1285 1094 1340 eo,
1110 1274 1143 1327 et
1161 1263 1204 1327 de
1219 1261 1347 1327 auxilio
1360 1262 1447 1325 vice-

342 1365 474 1428 comitis
499 1365 586 1449 .vij.s.
613 1364 694 1448 .vj.d.
720 1386 796 1429 cum
823 1365 982 1449 homagio
1005 1387 1067 1430 suo
1097 1366 1140 1429 de
1170 1366 1314 1431 Mordon
1341 1373 1375 1429 et
1404 1363 1447 1427 de

344 1469 553 1535 Knethwrth.
603 1470 733 1535 Ibidem
765 1470 930 1535 Radulsus
960 1471 1004 1535 de
1034 1472 1160 1537 Saham
1189 1480 1282 1535 tenet
1312 1469 1446 1533 feodum

246 1656 248 1662 y
341 1574 470 1639 dimidii
488 1575 602 1639 militis
617 1575 660 1639 de
681 1575 806 1639 honore
828 1575 1061 1653 Richmondie,
1081 1577 1202 1659 etipse
1222 1586 1257 1639 et
1278 1573 1446 1638 Galsridus

341 1679 468 1764 Turpin
492 1679 617 1744 debent
632 1680 660 1743 .i.
681 1690 806 1745 sectam
830 1688 864 1743 et
886 1689 1003 1744 tenent
1025 1680 1201 1745 dimidiam
1224 1679 1337 1743 hidam
1360 1688 1447 1742 terre

340 1784 552 1867 geldabilem.
600 1784 729 1848 ibidem
745 1794 825 1847 sunt
841 1782 882 1866 .ij.
897 1783 976 1847 hide
991 1792 1025 1846 et
1045 1782 1186 1847 dimidia
1206 1782 1388 1866 geldabiles
1403 1781 1446 1845 de

340 1887 499 1972 homagio
515 1887 684 1971 G[alsridi]
699 1888 742 1952 de
758 1888 922 1953 Scalariis.

406 1993 588 2076 Litlington
618 1991 846 2075 [Litiington].
908 1992 1045 2055 Hamon
1079 1992 1123 2055 de
1152 1990 1323 2073 Valeynes
1352 1999 1446 2055 tenet

340 2097 515 2161 dimidium
530 2096 619 2161 seodi
633 2096 746 2161 militis
758 2118 835 2161 cum
849 2095 947 2161 feodo
958 2096 1092 2160 Ricardi
1106 2096 1231 2178 Biboys
1244 2096 1277 2159 in
1292 2096 1446 2179 Habing·

341 2200 458 2264 tonde
477 2202 615 2265 Honore
631 2200 771 2265 Comitis
789 2199 976 2265 Glouemie.
1023 2198 1154 2263 Ibidem
1172 2198 1388 2282 W[illelmus]
1402 2198 1446 2261 de

344 2305 474 2391 Hobrig
496 2315 588 2370 tenet
611 2306 745 2369 feodum
769 2305 900 2369 dimidii
923 2304 1036 2369 militis
1055 2304 1097 2367 de
1113 2303 1245 2369 Comite
1266 2303 1446 2368 Glouemie

341 2408 384 2471 de
398 2409 500 2472 veteri
517 2408 718 2485 testimonio,
734 2419 768 2472 et
784 2429 872 2472 nunc
893 2408 1002 2471 reddit
1025 2407 1201 2471 seruicium
1224 2406 1311 2470 feodi
1327 2415 1445 2489 quarte

248 2519 266 2569 s.
282 2520 327 2582 146
342 2512 444 2595 partis
479 2512 508 2594 .j.
544 2512 665 2576 militis.
727 2512 925 2576 Alexander
959 2512 990 2575 Ie
1024 2512 1153 2594 Moyne
1187 2520 1279 2575 tenet
1310 2510 1444 2575 feodum

340 2616 469 2680 dimidii
495 2617 608 2680 militis
630 2617 673 2680 de
696 2617 818 2680 comite
842 2616 1029 2681 Glouemie.

406 2719 631 2802 Bassingburn
656 2718 944 2803 [Bassingbourn].
991 2720 1179 2783 Willelmus
1203 2719 1234 2782 le
1259 2719 1330 2781 Rus
1353 2727 1444 2783 tenet

341 2822 475 2887 feodum
493 2823 621 2887 dimidii
645 2822 759 2886 militis
780 2823 823 2886 de
843 2824 981 2887 domino
1004 2823 1098 2905 Rege
1118 2824 1150 2885 in
1172 2824 1289 2905 capite.
1337 2823 1444 2886 Maria

342 2926 466 2990 Martin
497 2936 589 2990 tenet
616 2928 645 3008 .j.
675 2928 789 2990 hidam
820 2935 906 2990 terre
936 2926 1136 3008 geldabilem
1176 2948 1234 3009 per
1268 2928 1442 2990 seruicium

340 3032 470 3095 dimidii
493 3031 607 3095 militis
621 3030 664 3093 de
684 3030 782 3093 feodo
797 3030 840 3093 de
857 3029 1013 3094 Scalariis
1028 3039 1061 3093 et
1077 3030 1178 3093 debet
1198 3040 1334 3105 sectam,
1347 3040 1382 3094 et
1401 3031 1445 3094 de

340 3135 468 3197 auxilio
483 3135 688 3198 vicecomitis
703 3133 770 3216 ,ijs

406 3238 445 3301 K
446 3238 603 3303 neeswrtlz
642 3236 901 3322 [Kneesworth].
963 3238 1129 3302 Martinus
1166 3238 1375 3303 Camerarius
1411 3248 1446 3301 et

343 3343 507 3407 Raduisus
528 3344 570 3408 de
593 3344 728 3406 Denton
748 3352 865 3406 tenent
880 3341 944 3425 .iiij.
965 3352 1093 3426 partem
1118 3341 1206 3406 feodi
1222 3344 1249 3405 .i.
1267 3342 1381 3405 militis
1403 3341 1446 3405 de

341 3448 466 3512 honore
490 3448 714 3512 Richmondic
740 3458 774 3511 et
802 3447 968 3510 Martinus
991 3447 1091 3511 debet
1113 3446 1287 3511 dimidiam
1310 3455 1446 3512 sectam.

343 3550 470 3616 Omnes
493 3551 593 3616 libere
616 3562 768 3616 tenentes
790 3551 915 3615 debent
937 3551 1036 3616 aliam
1060 3551 1234 3615 dimidiam
1258 3562 1393 3628 sectam,
1411 3562 1445 3616 et
1495 3623 1498 3627 ⁴

342 3666 414 3720 tota
430 3657 544 3721 villata
558 3658 660 3722 debet
675 3657 717 3719 de
736 3657 864 3720 auxilio
880 3657 1083 3719 vicecomitis
1099 3656 1189 3739 .iin.s.
1235 3657 1322 3721 Sunt
1345 3658 1390 3720 ibi
1406 3658 1448 3721 .ii.

341 3761 419 3827 hide
434 3762 625 3845 geldabiles.

409 3867 586 3932 Crawdene
596 3866 793 3950 [Croydon].
831 3865 1000 3929 Robertus
1013 3864 1185 3931 Sulleman
1202 3876 1295 3929 tenet
1310 3865 1444 3930 feodum

341 3974 369 4037 .i.
386 3974 499 4037 militis
511 3974 555 4037 de
570 3975 726 4037 Hamone
739 3972 856 4048 Peche,
868 3981 901 4035 et
917 3972 1019 4036 debet
1031 3974 1058 4034 .i.
1071 3982 1206 4047 sectam,
1218 3972 1306 4035 etde
1318 3971 1446 4035 auxIlio

341 4079 546 4143 vicecomitis
566 4078 653 4159 .iij.s.,
672 4088 705 4141 et
725 4078 768 4141 de
783 4078 895 4141 warda
917 4076 1025 4141 Castri
1043 4077 1128 4139 infra
1148 4096 1273 4140 annum
1295 4085 1329 4138 et
1347 4075 1444 4140 dimi·

341 4185 434 4248 dium
454 4183 627 4247 dimidiam
650 4203 803 4246 marcam.
852 4181 981 4246 Ibidem
1006 4180 1171 4244 Radulsus
1194 4180 1281 4243 filius
1303 4179 1445 4260 Jocelini

342 4298 375 4351 et
409 4287 607 4351 HumirIdus
638 4286 679 4350 ad
709 4286 949 4351 Monasterium
980 4284 1104 4347 debent
1130 4284 1173 4347 de
1202 4283 1330 4347 auinIo
1359 4285 1445 4347 vice·

342 4392 474 4455 comitis
499 4391 573 4455 .x.d.
620 4390 751 4454 Alanus
780 4390 824 4453 de
855 4390 1001 4471 Fugeres
1031 4396 1124 4451 tenet
1154 4386 1288 4451 feodum
1315 4386 1445 4451 dImidii
