3234 5059
177 349 233 448 lv]
316 352 353 425 T
348 352 393 425 he
410 352 511 450 good
532 356 636 429 deeris
661 357 709 453 qs
727 357 869 431 Robert
891 356 934 431 de
960 358 1152 431 Fulbourn
1207 382 1276 450 223

175 550 326 623 tempore
348 540 521 623 Laurencij
546 542 674 619 Prioris,
689 541 858 607 dedicauit
880 542 1043 626 capellam
1059 544 1158 607 beate
1173 544 1280 607 Marie
1291 551 1433 655 gfffiffigy

176 643 207 706 in
230 643 355 708 honore
374 644 524 709 eiusdem
548 645 691 729 gloriose
709 647 762 711 dei
783 646 952 729 genitricis
971 657 1006 711 et
1020 647 1156 731 virginis
1173 647 1279 712 Marie
1293 662 1350 702 ¹²²⁹·
1435 631 1442 651 ’

148 790 151 797 .
174 758 208 811 et
229 748 344 815 Sancti
370 752 540 816 Edmundi
564 753 650 835 regis
673 762 706 815 et
728 753 879 828 martiris,
894 763 928 816 et
950 754 1114 816 concessit
1136 753 1191 817 ‚xl
1207 752 1278 816 dies
1291 752 1308 801 s·
1321 753 1378 814 85¹>

173 854 391 938 indulgencie.
438 856 484 921 Et
508 858 584 921 ideo
608 857 747 939 singulis
773 857 870 923 annis
896 858 950 921 die
981 858 1105 923 Sancte
1134 858 1279 941 Agnetis

173 959 358 1026 celebratur
378 963 479 1027 missa
503 964 546 1026 de
567 964 791 1038 dedicacione,
811 973 845 1027 et
867 964 922 1028 die
945 964 1060 1029 Sancti
1084 963 1279 1027 Eadmundi

173 1064 259 1145 regis
283 1065 383 1129 missa
405 1065 449 1130 de
471 1068 589 1131 eodem
614 1078 758 1151 martyre
781 1070 814 1131 in
838 1067 955 1132 eadem
978 1067 1114 1151 capella.

357 1374 405 1435 29.
450 1356 502 1421 De
523 1358 681 1441 magistro
702 1358 840 1421 Roberto
862 1358 901 1421 de
921 1357 1092 1423 Fulburne.

240 1510 302 1573 Per
324 1530 449 1573 annum
476 1510 642 1592 integrum
667 1520 701 1573 et
727 1519 794 1573 tres
823 1530 954 1574 menses
980 1521 1059 1575 ante
1086 1510 1275 1575 incendium
1289 1518 1433 1611 {2333}

172 1613 309 1677 ecclesie
326 1623 437 1677 nostre
457 1612 542 1697 obijt
559 1614 717 1697 magister
734 1614 902 1678 Robertus
923 1616 966 1678 de
988 1614 1166 1689 Fulbume,
1182 1615 1276 1678 cuius
1290 1619 1422 1712 ssssffi‘

172 1718 283 1781 anime
306 1718 388 1782 deus
411 1718 624 1801 omnipotens
648 1718 852 1795 misereatur,
876 1729 910 1782 et
932 1718 989 1782 det
1012 1718 1042 1781 ei
1067 1720 1213 1801 requiem
1242 1720 1274 1781 in

172 1821 298 1885 lumine
324 1824 522 1887 uiuencium.
568 1822 790 1905 Temporibus
818 1824 940 1888 nostris
967 1844 1034 1886 non
1062 1824 1122 1887 suit
1150 1825 1277 1888 amicus

171 1926 327 1991 inuentus
343 1926 459 1990 similis
475 1926 531 2001 illi,
546 1928 602 2009 qui
619 1935 670 1989 tot
686 1936 720 1990 et
735 1935 831 1991 tanta
846 1926 935 1991 bona
950 1928 1126 1991 contulerit
1138 1927 1276 1992 ecclesie

172 2042 292 2096 nostre.
352 2030 489 2095 Viuenti
526 2032 662 2115 quidem
698 2031 880 2115 aliquando
910 2033 1108 2096 tenebamur
1138 2033 1171 2095 in
1201 2053 1276 2097 .ccc.

172 2138 290 2201 marcis
313 2157 396 2221 quas
420 2137 516 2201 nobis
538 2145 655 2200 mutuo
678 2136 816 2200 tradidit
837 2148 872 2202 et
891 2138 923 2199 in
949 2138 1139 2220 potenciam
1163 2146 1277 2201 nostre

170 2241 349 2306 solucionis
372 2242 540 2323 pacienter
562 2240 728 2305 sustinuit
775 2240 921 2304 Multum
943 2240 1078 2325 quidem
1101 2242 1276 2305 beniuolus

171 2348 267 2411 nobis
303 2348 427 2421 extitit,
460 2356 493 2409 et
527 2345 590 2410 hoc
628 2346 660 2409 in
701 2356 808 2409 morte
845 2368 905 2410 sua
935 2357 1090 2429 patenter
1118 2347 1274 2411 ostendit.

172 2452 337 2517 Habitum
354 2451 490 2535 quidem
508 2459 657 2515 nostrum
680 2452 850 2515 humiliter
865 2452 976 2535 pecijt,
993 2462 1027 2516 et
1050 2453 1143 2516 Prior
1162 2462 1276 2516 noster

171 2557 300 2640 Symon
337 2557 445 2640 ipsum
482 2558 514 2620 in
551 2556 654 2619 domo
689 2577 749 2621 sua
785 2556 918 2640 propria
954 2558 1032 2622 inde
1063 2558 1205 2633 uestiuit,
1236 2579 1274 2621 ac

168 2665 335 2747 deinceps,
359 2662 528 2746 usquead
552 2660 681 2724 obitum
704 2680 811 2737 suum,
832 2662 1011 2725 canonicus
1034 2662 1170 2746 quidam
1197 2684 1274 2727 cum

169 2790 209 2833 eo
222 2770 413 2852 permansit.
459 2766 612 2830 Mortuus
622 2787 755 2850 quoque
765 2766 896 2831 delatus
908 2778 959 2830 est
970 2769 1059 2850 apud
1074 2768 1275 2833 Bemewelle

169 2894 245 2937 cum
276 2874 402 2937 honore
433 2891 557 2955 magno
582 2880 617 2934 et
647 2872 679 2933 in
710 2870 850 2936 ecclesia
879 2891 991 2935 coram
1023 2873 1127 2937 altare
1158 2874 1274 2939 Sancti

170 2977 352 3061 Augustini
368 2978 430 3041 sub
446 2976 558 3060 lapide
578 2996 765 3040 marmoreo
785 2977 945 3059 sepultus.
990 2976 1084 3061 Quot
1103 2981 1193 3043 bona
1216 3002 1275 3063 per

168 3105 245 3148 eum
256 3082 393 3148 ecclesie
403 3091 515 3145 nostre
527 3089 756 3145 remanserunt
767 3082 883 3164 paucis
894 3082 1103 3147 sermonibus
1113 3084 1273 3168 explicari

169 3210 234 3253 non
247 3197 394 3272 possunt.
440 3186 518 3250 Duo
528 3186 663 3270 quidem
674 3185 836 3269 palefridi,
845 3188 902 3270 qui
915 3208 1035 3271 corpus
1048 3199 1275 3273 portauerunt,

169 3302 410 3369 remanserunt,
433 3291 514 3355 disci
538 3298 572 3354 et
597 3290 686 3373 ciphi
710 3291 816 3367 multi,
846 3289 1005 3355 librorum
1035 3293 1133 3376 copia
1159 3294 1274 3359 multa.

169 3398 260 3483 Quid
277 3395 394 3480 plura?
439 3394 488 3459 Vt
502 3394 648 3458 breuiter
664 3392 788 3477 loquar,
802 3404 913 3458 totum
926 3395 1088 3471 debitum,
1103 3397 1136 3461 in
1155 3420 1223 3482 quo
1243 3401 1273 3464 ei

168 3502 374 3576 tenebamur,
404 3499 500 3563 nobis
527 3498 702 3563 dimissum
733 3507 794 3573 est,
826 3509 860 3562 et
885 3498 1052 3582 obligacio
1081 3502 1274 3581 cancellata,

167 3606 255 3673 vnde
277 3608 422 3672 creditur
441 3606 531 3688 quod
553 3613 630 3687 post
654 3614 795 3668 mortem
817 3605 888 3668 eius
908 3606 1048 3688 singulis
1070 3612 1273 3692 computatis

168 3714 326 3797 usquead
340 3730 506 3775 summam
523 3710 781 3793 quingentarum
799 3729 984 3775 marcarum
999 3714 1043 3777 de
1057 3714 1154 3778 bonis
1170 3714 1273 3799 ipsius

168 3818 313 3883 defuncti
332 3817 479 3902 respexit
494 3814 577 3880 deus
592 3815 765 3880 ecclesiam
783 3825 951 3893 nostram3
973 3816 1031 3881 sed
1047 3818 1191 3901 qualiter
1208 3821 1272 3886 ista

167 3924 308 4009 pecunia
342 3924 409 3987 cito
443 3921 506 3987 fuit
541 3920 707 3986 exhausta
737 3923 820 3985 deus
850 3921 952 3987 nouit.
998 3923 1151 3989 Preterea
1182 3926 1269 3991 idem
1285 3945 1425 4000 nonnos

1225 4031 1232 4045 .
1284 4009 1299 4040 Ι
1307 4004 1392 4040 “One-

167 4032 325 4114 magister
337 4030 504 4093 Robertus
513 4026 608 4091 dedit
617 4027 714 4090 nobis
723 4026 1053 4111 domumlapideam¹
1062 4050 1106 4093 ex
1113 4042 1271 4113 opposito
1283 4048 1395 4149 gangim

165 4136 303 4199 ecclesie
330 4134 446 4199 Sancti
474 4132 648 4215 Sepulchri
677 4131 899 4214 Cantebrigie,
922 4142 959 4195 vt
982 4153 1044 4216 pro
1066 4155 1108 4197 eo
1131 4134 1267 4217 quidam
1282 4146 1409 4240 223ssin

165 4240 343 4305 canonicus
370 4237 551 4301 celebraret
574 4238 818 4319 inperpetuum.
863 4236 1078 4320 Quapropter
1099 4240 1142 4302 ad
1166 4239 1269 4302 altare
1281 4211 1420 4346 {ffffll

571 4386 579 4422 ¹
596 4388 731 4457 lapideum,
743 4388 800 4441 MS.
