3234 5059
354 347 422 437 184
566 345 780 444 Dz'fference
807 347 899 420 wz’tlz
925 348 986 421 the
1016 348 1235 423 Choncellor
1333 348 1455 449 [soors

346 529 440 600 aliqua
452 527 600 584 taxacione
612 528 679 583 inde
692 527 766 584 lacta
783 537 812 584 et
824 530 933 599 absque
945 531 1040 601 aliqua
1052 530 1132 586 firma
1145 530 1211 586 inde
1223 531 1376 587 reddenda
1415 533 1455 586 Et

347 617 388 673 sic
413 617 578 672 deforciauit
603 617 628 670 ei
653 616 810 687 predictum
832 618 1010 688 mesuagium
1034 619 1242 688 appropriando
1262 619 1316 674 sibi
1336 618 1455 674 liberum

348 713 540 761 tenementum
554 703 689 760 eiusdem.
728 705 766 759 Et
778 704 833 759 hoc
851 705 922 774 petit
941 706 1018 776 quod
1035 705 1191 776 inquiratur
1207 724 1257 777 per
1269 706 1389 762 assisam
1402 717 1453 761 etc.

184 783 318 885 ffffiggf
401 795 440 848 Et
452 792 594 862 predictus
607 793 741 860 magister
754 791 892 846 Radulius
904 791 973 846 dicit
983 793 1059 862 quod
1072 793 1178 848 nullam
1192 793 1455 864 appropriacionem

348 880 413 936 lecit
431 882 467 937 de
486 879 613 951 predicto
632 880 778 948 mesuagio
796 880 947 950 quominus
969 880 1046 934 idem
1067 881 1147 935 Prior
1166 880 1195 935 in
1214 882 1291 936 dicto
1310 879 1455 949 mesuagio

348 972 447 1026 domos
461 979 636 1040 prosternere
649 978 677 1024 et
695 967 765 1023 alias
782 969 914 1023 edificare
926 986 977 1038 pro
994 986 1046 1023 sua
1062 970 1207 1025 uoluntate
1224 969 1335 1039 poterit,
1349 979 1377 1022 et
1389 969 1455 1023 lecit

347 1074 411 1113 curn
425 1058 478 1113 sibi
491 1058 651 1128 placuisset,
664 1073 716 1110 nec
730 1055 837 1126 aliquid
846 1057 950 1110 clamat
963 1057 991 1110 in
1004 1057 1105 1111 eodem
1118 1057 1263 1128 mesuagio
1275 1057 1331 1112 nisi
1342 1067 1455 1112 tantum

347 1147 507 1216 hospicium
526 1162 609 1200 suum
626 1146 781 1200 secundum
800 1145 978 1200 taxacionem
1000 1155 1027 1200 et
1047 1145 1280 1202 consuetudinem
1304 1147 1453 1218 predictas

348 1235 386 1288 Et
405 1234 524 1304 quodsi
544 1232 644 1304 optulit
663 1233 773 1288 finnam
792 1234 859 1288 inde
877 1234 1004 1289 debitam
1023 1236 1179 1290 secundum
1198 1236 1375 1291 taxacionem
1393 1252 1454 1305 pre·

346 1322 453 1376 dictam
470 1337 555 1391 quarn
580 1320 656 1375 idem
675 1321 755 1375 Prior
773 1321 809 1376 de
828 1338 914 1376 manu
933 1339 985 1377 sua
1003 1323 1127 1392 recipere
1146 1324 1294 1391 recusauit,
1318 1325 1358 1378 ita
1378 1324 1455 1394 quod

272 1417 288 1466 t.
301 1417 333 1486 69
347 1411 453 1466 nullam
472 1409 601 1465 iniuriam
621 1410 681 1465 siue
700 1411 879 1466 disseisinam
898 1411 923 1466 ei
943 1411 1009 1466 inde
1029 1411 1102 1466 lecit
1140 1414 1179 1467 Et
1196 1413 1233 1468 de
1251 1413 1306 1467 hoc
1324 1413 1404 1484 ponit
1423 1431 1454 1468 se

346 1516 431 1570 super
448 1500 576 1555 assisam.

183 1622 326 1715 3223&
414 1624 496 1688 Ideo
527 1625 656 1708 capitur
685 1623 790 1689 assisa
817 1623 876 1688 sed
903 1626 1038 1708 ponitur
1067 1626 1101 1689 in
1132 1635 1319 1710 respectum
1350 1648 1454 1710 vsque

183 1723 314 1774 ΜΝ·
347 1726 436 1791 diem
460 1727 554 1810 Jouis
579 1728 612 1791 in
640 1729 829 1812 septimana
857 1728 1070 1794 Pentecostes
1095 1750 1156 1812 pro
1183 1729 1314 1794 delectu
1342 1751 1453 1813 recog-

347 1830 520 1916 n[itorum]
553 1833 631 1915 quia
662 1832 772 1896 nullus
803 1834 901 1897 venit.
964 1834 1045 1897 ldeo
1075 1835 1260 1898 vicecomes
1290 1844 1351 1899 etc.
1409 1834 1453 1897 Et

346 1937 518 2000 sciendum
535 1937 626 2019 quod
643 1937 744 2001 breue
759 1937 920 2021 originale
936 1947 1085 2002 remanet
1101 1959 1203 2020 penes
1215 1938 1453 2015 vicecomitem,

347 2049 465 2122 patens
496 2061 598 2123 penes
629 2051 758 2123 partem
790 2050 850 2104 etc.
913 2040 1033 2105 Postea
1062 2041 1254 2106 concordati
1284 2053 1363 2106 sunt
1395 2063 1454 2125 per

347 2145 543 2226 magistrum
566 2144 776 2227 Gwydonem
800 2145 844 2209 de
868 2146 1037 2211 Couentre
1056 2145 1183 2210 domini
1204 2147 1352 2231 episcopi
1372 2147 1452 2231 Ely-

346 2246 433 2309 ensis
454 2245 630 2310 officialem
653 2248 710 2331 qui
734 2268 769 2311 se
791 2249 969 2312 intromisit
988 2249 1030 2313 de
1045 2269 1137 2332 pace,
1153 2259 1185 2313 et
1201 2249 1301 2314 datus
1315 2260 1366 2315 est
1382 2252 1452 2316 dies

346 2359 454 2414 certus
469 2351 513 2415 ad
530 2352 738 2416 liberandum
757 2352 860 2416 Priori
876 2373 993 2417 omnes
1008 2353 1120 2417 claues
1135 2364 1169 2418 et
1182 2405 1189 2420 .
1201 2354 1255 2418 xl.
1266 2355 1390 2418 solidos
1409 2356 1453 2420 de

345 2455 519 2538 arreragijs
535 2457 711 2539 pensionis,
762 2456 808 2520 Et
824 2458 871 2520 sic
888 2468 1117 2522 remanserunt
1133 2460 1254 2524 domus
1274 2461 1317 2524 ad
1334 2461 1452 2525 uolun-

346 2567 450 2622 tatem
469 2560 588 2624 Prioris
604 2561 730 2644 absque
745 2560 938 2644 calumpnia
953 2562 1148 2626 clericorum
1164 2565 1207 2628 de
1222 2574 1340 2629 cetero.

510 2792 577 2854 118.
623 2788 675 2851 De
694 2789 889 2852 contencione
908 2810 980 2853 cum
1003 2790 1215 2855 vniuersitote
1228 2803 1292 2874 pro

676 2893 899 2958 iuoisdiccione
922 2893 1122 2960 Cancellarii.

183 3035 300 3079 uowtne
411 3021 635 3087 Cancellarius
654 3023 878 3086 uniuersitatis
898 3021 1182 3106 Cantebrigiensis
1202 3025 1309 3090 uoluit
1328 3026 1451 3092 habere

181 3087 328 3130 chancellor
347 3125 354 3138 ,

181 3137 330 3240 ‘mmm
342 3125 610 3207 Jurisdiccionem
634 3125 667 3187 in
691 3124 799 3207 priore
821 3124 864 3188 de
892 3125 1094 3190 Bernewelle
1117 3138 1150 3191 et
1173 3129 1341 3193 canonicis
1363 3131 1451 3210 suis;

180 3238 310 3330 {mgis
344 3238 378 3293 et
389 3229 483 3292 citari
496 3227 573 3292 fecit
585 3229 807 3310 peremptorie
818 3249 920 3292 vnum
933 3230 1130 3294 canonicum
1141 3233 1230 3313 quod
1244 3245 1452 3315 compareret

178 3338 294 3439 pm·
344 3332 426 3396 hora
453 3333 560 3415 prima
590 3334 632 3397 ad
664 3332 935 3416 respondendum
968 3334 1100 3398 cuidam
1128 3336 1245 3400 scolari
1275 3346 1336 3401 etc.
1383 3338 1449 3404 Sed

180 3439 309 3532 {20:¹33ss
345 3436 523 3500 canonicus
540 3438 710 3519 respondit
726 3458 761 3500 se
777 3458 844 3500 non
860 3457 933 3501 esse
948 3438 990 3501 de
1007 3438 1238 3523 jurisdictione
1253 3443 1451 3526 cancellarii,

345 3562 405 3605 nec
423 3563 459 3605 se
480 3540 565 3605 uelle
586 3541 775 3605 huiusmodi
798 3542 958 3606 mandato
977 3543 1049 3606 eius
1069 3563 1193 3625 parere.
1239 3543 1452 3629 Quapropter
1491 3631 1494 3635 ⁴

345 3649 452 3729 primo
462 3647 516 3710 die
525 3655 698 3728 tamquam
708 3655 940 3710 contumacem
950 3648 1124 3729 suspendit
1134 3647 1243 3730 ipsum
1253 3651 1449 3714 canonicum

344 3751 387 3814 ab
411 3751 558 3833 ingressu
586 3751 722 3814 ecclesie
744 3760 778 3815 et
801 3751 834 3813 in
858 3751 1002 3815 crastino
1024 3773 1083 3834 per
1105 3753 1350 3817 commissarios
1373 3775 1451 3819 suos

343 3855 658 3918 excommunicauit.
706 3856 864 3919 Decreuit
880 3857 985 3920 eciam
1009 3857 1154 3920 Priorem
1171 3877 1245 3920 esse
1260 3860 1449 3924 uocandum

345 3961 434 4042 quod
459 3969 665 4042 compareret
688 3970 758 4036 etc„
781 3961 849 4035 sed,
873 3963 952 4042 quia
976 3961 1069 4024 Prior
1092 3961 1134 4024 ad
1158 3963 1228 4025 eius
1251 3963 1449 4029 citacionem

345 4085 410 4127 non
428 4065 528 4140 uenit,
544 4065 652 4146 ipsum
672 4065 817 4127 Priorem
833 4066 1148 4130 excommunicauit.
1194 4065 1294 4149 Quod
1310 4071 1449 4134 audiens

346 4169 437 4231 Prior
453 4167 581 4250 Symon
600 4169 737 4231 miratus
752 4177 803 4230 est
822 4176 951 4232 tantam
969 4189 1026 4232 eos
1046 4191 1236 4252 presumere
1253 4171 1449 4253 fatuitatem,

343 4283 377 4336 et
398 4293 456 4356 per
474 4271 629 4335 clericum
650 4293 746 4335 suurn
769 4273 967 4355 magistrum
991 4273 1034 4350 H.
1051 4273 1093 4336 de
1110 4272 1235 4337 Melree
1255 4273 1288 4337 in
1310 4277 1448 4342 ecclesia

343 4377 442 4440 beate
459 4375 565 4440 Marie
581 4376 803 4458 Cantebrigie,
819 4385 853 4438 et
868 4395 980 4438 coram
1002 4373 1134 4439 officiali
1157 4376 1393 4443 Archidiaconi
1414 4383 1447 4446 in
