3234 5059
366 377 439 447 230
496 353 645 427 Churclz
671 354 720 450 af
736 356 775 428 S.
794 354 915 452 Mary
940 352 1001 426 ela
1030 332 1150 427 Great
1175 354 1288 425 burrtl
1347 349 1467 448 [Boon

617 714 668 776 40.
714 653 911 760 Inraeulacia
932 696 981 759 ad
1001 696 1213 759 Scaccarium.

199 850 345 943 22¹ffi¹⁸¹⁶²
433 839 471 902 In
496 840 605 903 rotulo
628 839 764 903 memor'
793 841 836 904 de
865 860 954 903 anno
984 841 1093 915 .xviii.‚
1123 842 1155 903 in
1187 840 1330 903 termino
1355 848 1470 902 sancte

200 951 351 1043 3223ssss
366 944 531 1019 trinitatis,
554 946 766 1008 continentur
789 945 850 1007 hec
873 944 982 1008 uerba.

218 1050 315 1143 ξξζξζᾭ
420 1070 610 1139 Cantabrigia
637 1073 812 1126 Concessum
825 1082 868 1126 est
883 1070 969 1125 Priori
983 1072 1018 1125 dc
1030 1071 1207 1137 Berueweile,
1217 1088 1267 1142 per
1279 1071 1426 1126 Matheum
1434 1071 1470 1124 de

201 1151 329 1243 ffiffi‘ff
371 1160 514 1229 Kertlinge
533 1160 757 1216 concanonicum
775 1177 865 1225 suum,
881 1159 958 1230 quod
976 1177 1027 1229 pro
1045 1160 1098 1229 aij.
1116 1158 1193 1213 libris
1210 1176 1281 1229 quus
1299 1159 1374 1214 idem
1392 1158 1471 1212 Prior

203 1251 271 1341 Kinp
368 1246 452 1301 soluit
463 1246 542 1316 Regi,
556 1247 658 1302 habeat
668 1264 783 1315 annum,
796 1248 881 1314 diem,
894 1258 923 1301 et
936 1258 1047 1301 vastum
1059 1258 1195 1302 terrarum
1208 1258 1236 1302 et
1246 1258 1470 1302 tenementomm

203 1307 295 1393 iiririr
368 1352 422 1405 que
431 1336 543 1391 fuerunt
554 1335 666 1391 Ricardi
679 1332 850 1407 Laudencii]
862 1334 983 1391 conuicti
995 1333 1031 1391 de
1042 1348 1131 1391 morte
1142 1336 1260 1391 Gaisridi
1268 1334 1304 1389 de
1317 1335 1470 1404 Griseieye,

205 1402 337 1453 ¹²⁸⁹‘¹¹⁹⁰'
368 1432 395 1475 et
410 1422 513 1492 Rogeri
527 1422 563 1477 de
575 1421 777 1491 Wytherisseld
790 1422 918 1493 suspensi
936 1440 987 1493 pro
1004 1435 1094 1478 morte
1108 1424 1235 1479 eiusdem
1248 1425 1277 1477 in
1298 1425 1470 1478 Cestertone.

370 1508 424 1579 Qui
438 1527 538 1577 annus,
551 1510 620 1579 dies,
634 1522 660 1566 et
675 1522 771 1565 vastus
789 1511 895 1565 extensi
909 1510 1020 1566 suerunt
1033 1512 1070 1566 ad
1083 1510 1147 1580 .viij.
1162 1512 1247 1565 libras
1260 1512 1341 1583 ¹xviij.
1356 1509 1471 1578 solidos,

368 1608 396 1653 et
416 1615 471 1669 que
490 1609 562 1655 terre
582 1610 610 1653 et
630 1608 791 1654 tenementa
803 1609 933 1655 tenentur
953 1599 990 1654 de
1010 1598 1071 1670 ipso
1093 1599 1187 1654 Priore
1204 1600 1309 1655 ibidem
1325 1601 1354 1654 in
1370 1600 1471 1670 capite,

369 1686 454 1741 saluis
473 1688 543 1757 Regi
561 1704 645 1757 anno,
662 1689 717 1755 die,
735 1698 763 1743 et
779 1698 861 1743 vasto
878 1688 914 1743 de
930 1688 1063 1743 omnibus
1079 1689 1142 1759 alijs
1159 1688 1240 1743 terris
1257 1697 1284 1743 et
1303 1688 1471 1743 tenementis

368 1791 423 1844 que
440 1774 525 1829 iidem
544 1775 682 1830 Ricardus
699 1786 725 1830 et
743 1776 872 1844 Rogerus
890 1784 1038 1830 tenuerunt
1054 1786 1132 1829 extra
1149 1775 1304 1845 predictam
1323 1774 1418 1829 viliam
1435 1775 1471 1829 de

370 1863 534 1917 Cestertone
547 1864 647 1917 tamin
661 1863 727 1917 villa
740 1861 921 1932 eantebrigie
933 1880 1019 1933 quam
1032 1862 1107 1917 alibi.

488 2123 538 2183 41.
584 2103 732 2167 Materia
754 2102 912 2168 discordie
934 2104 1020 2167 inter
1040 2103 1160 2185 Regem
1183 2101 1303 2184 Anglie
1324 2111 1356 2164 et

780 2208 902 2291 Regem
925 2206 1068 2272 Francia

205 2385 226 2427 Α
240 2389 309 2436 great
435 2354 720 2437 Septimodecimo
743 2352 819 2417 Kal’
837 2353 918 2416 Maii
939 2363 1012 2416 orta
1034 2362 1085 2417 est
1101 2362 1283 2436 tempestas
1298 2351 1472 2428 horribilis,

204 2434 345 2526 iitiif'*
370 2470 404 2524 et
434 2458 680 2522 inundauerunt
716 2476 802 2541 aque
841 2457 1062 2533 uehementer,
1099 2455 1187 2520 vnde
1224 2455 1473 2519 innumerabilis

205 2542 316 2636 {¹5⁰irbrn.
371 2564 551 2627 multitudo
587 2561 768 2626 bestiarum
800 2570 931 2627 mortua
967 2572 1018 2625 est
1049 2562 1081 2624 in
1114 2560 1269 2637 mariscis,
1298 2570 1333 2623 et
1363 2560 1472 2643 plures

370 2669 529 2732 homines.

207 2785 331 2878 ggffi
437 2774 566 2837 Eodem
586 2772 641 2835 die
656 2772 804 2853 quinque
823 2770 984 2852 porticus¹
1004 2790 1080 2832 cum
1100 2766 1313 2831 multitudine
1328 2777 1472 2831 armato·

205 2898 294 2977 iffi„
309 2944 335 2979 a
372 2899 443 2941 rum
459 2889 493 2942 et
509 2877 654 2953 nauium,
670 2885 809 2958 optenta
825 2874 916 2956 prius
934 2894 955 2937 a
972 2874 1065 2955 Rege
1082 2873 1227 2949 licencia,
1243 2883 1473 2954 processerunt

205 2998 248 3027 ⁸²⁸
261 2990 335 3039 Μ·
370 3005 446 3047 cum
463 2983 570 3046 surore
588 3001 710 3063 magno
722 2989 758 3044 vt
771 2981 978 3044 uindicarent
994 2980 1083 3041 sede
1099 2978 1240 3041 inimicis
1255 2980 1332 3054 suis,
1348 2978 1472 3043 scilicet

369 3085 412 3148 de
427 3082 638 3157 NormanniS,
650 3082 692 3144 de
704 3079 833 3163 quibus,
847 3090 883 3143 ut
895 3080 1077 3155 dicebatur,
1090 3079 1324 3143 interfecerunt
1340 3079 1371 3142 in
1390 3081 1472 3142 mari

371 3187 539 3272 usquead
563 3186 626 3250 tria
649 3183 739 3247 milia
762 3184 944 3258 hominum,
968 3193 1002 3246 et
1033 3204 1135 3247 naues
1157 3204 1271 3247 eorum
1302 3205 1414 3247 secum
1439 3186 1472 3247 in

271 3304 288 3352 s.
302 3305 354 3355 sub
371 3293 530 3375 Angliam
554 3291 767 3355 deduxerunt
791 3287 960 3371 usquead
984 3308 1056 3351 ccc.
1105 3288 1149 3351 Et
1172 3288 1199 3349 si
1222 3286 1273 3351 sas
1293 3298 1344 3352 est
1364 3287 1473 3352 dicere

369 3400 459 3463 dolia
482 3400 634 3461 vinorum
659 3396 744 3459 inter
766 3416 802 3458 se
824 3394 1009 3457 diuiserunt
1032 3394 1201 3475 usquead
1225 3412 1295 3457 .xx.
1318 3391 1418 3455 milia.

400 3657 452 3719 42.
497 3636 550 3701 De
571 3636 714 3701 incendio
735 3634 857 3699 ecclesie
880 3634 1000 3697 Sancte
1021 3632 1135 3696 Marie
1156 3632 1195 3696 de
1219 3630 1436 3713 Cantebrigie.
1499 3633 1501 3636 ’

206 3811 323 3855 unwina
436 3785 589 3868 Septimo
605 3783 678 3847 idus
693 3781 771 3865 Julij
790 3780 872 3844 hora
887 3800 977 3843 nona
997 3780 1062 3843 diei
1078 3779 1253 3843 combusta
1268 3788 1319 3842 est
1335 3778 1473 3842 ecclesia

203 3861 335 3962 iiuiii'ri‘
370 3889 467 3953 beate
484 3888 589 3951 Marie
605 3884 818 3966 Cantebrigie
834 3892 868 3947 et
884 3882 993 3966 plures
1009 3884 1128 3945 domos
1143 3880 1176 3944 in
1193 3881 1338 3945 circuitu.

202 3964 335 4055 {istm

203 4063 287 4115 bridge
301 4073 354 4104 wne

203 4114 303 4217 33:53ss
760 4117 767 4149 ¹
785 4120 841 4169 The
853 4120 952 4185 Cinque
964 4120 1044 4169 Ports.
