3234 5059
162 374 218 475 v1]
442 374 638 451 Hundred
658 374 706 472 of
732 371 997 471 Whittlefford
1196 392 1266 467 255

165 560 319 625 Herueus
342 559 428 625 filius
453 562 589 644 Pagani,
608 569 642 624 et
666 560 845 643 participes
867 559 928 634 sui,
950 566 1067 622 tenent
1090 557 1225 621 feodum
1241 558 1270 622 .i.

164 665 278 731 militis
303 666 345 731 de
368 668 493 732 honore
516 666 741 731 Richmondie
762 674 797 731 et
821 665 946 729 debent
969 663 999 747 .j.
1021 672 1147 727 sectam
1169 672 1205 727 et
1227 664 1271 728 de

164 769 291 834 auxilio
315 770 518 835 vicecomitis
544 771 632 835 ,iiiia
678 768 724 835 Et
747 779 826 835 sunt
849 768 973 833 ibidem
996 767 1062 850 iiij.
1084 768 1163 832 hide
1185 777 1271 832 terre

164 872 356 957 geidabiies,
403 876 438 938 B.

230 978 443 1043 Badburlmm
466 978 695 1063 [Babraham].
742 976 913 1042 Galiridus
932 978 978 1041 de
1001 975 1157 1042 Scalariis
1178 981 1272 1040 tenet

166 1082 301 1147 feodum
321 1078 451 1147 dimidii
475 1083 589 1148 militis
611 1083 654 1146 de
674 1082 801 1145 honore
822 1080 1045 1145 Richmondie
1065 1089 1100 1144 et
1123 1079 1225 1144 debet
1242 1079 1272 1162 .j.

165 1196 300 1264 sectam,
326 1197 360 1252 et
390 1190 433 1252 de
457 1187 584 1251 auxilio
611 1186 817 1249 vicecomitis
845 1186 911 1250 ‚iis
936 1185 1022 1250 mid.
1049 1205 1108 1268 per
1136 1200 1271 1248 annum.

167 1288 298 1353 Ibidem
326 1298 418 1353 tenet
442 1288 614 1370 Johannes
640 1288 684 1351 de
708 1288 855 1353 Sauston
878 1288 943 1372 iiij.
970 1297 1099 1372 partem
1127 1287 1216 1352 feodi
1242 1286 1273 1369 .j.

167 1390 282 1456 militis
311 1393 353 1457 de
385 1390 485 1455 feodo
521 1393 695 1474 Hardwyii
726 1390 770 1455 de
800 1391 967 1470 Scalams,
997 1402 1031 1457 et
1066 1392 1167 1457 debet
1198 1390 1272 1475 [de]
1397 1417 1403 1427 ·

167 1493 296 1557 auxilio
311 1494 517 1559 vicecomitis
529 1494 595 1577 ijs.
612 1514 671 1577 per
684 1514 821 1572 annum,
831 1504 866 1558 et
881 1494 1006 1559 nuiiam
1022 1494 1123 1573 debet
1138 1504 1273 1560 sectam

169 1703 283 1767 militis
304 1704 347 1767 de
367 1703 466 1769 feodo
487 1705 618 1769 comitis
636 1705 807 1771 Wintonie
825 1705 868 1769 de
886 1706 1010 1768 honore
1027 1706 1072 1769 de
1088 1706 1274 1782 Fassintofi,

168 1816 203 1871 et
233 1808 334 1872 debet
363 1810 392 1873 .i.
423 1819 548 1874 sectam
578 1818 612 1873 et
648 1811 691 1873 de
721 1809 848 1873 auxilio
882 1810 1087 1873 vicecomitis
1117 1810 1184 1891 ijs.
1218 1830 1277 1893 per
1388 1887 1391 1892 ⁶

170 1931 305 1977 annum.
351 1911 398 1975 Et
424 1920 502 1977 sunt
533 1912 657 1977 ibidem
684 1912 747 1994 .vij.
773 1913 852 1977 hide
877 1922 972 1989 terre,
997 1933 1138 1996 quarum
1162 1912 1215 1995 iij.
1242 1922 1277 1977 et

170 2015 310 2080 dimidia
325 2025 404 2080 sunt
424 2016 617 2098 geldabiles.
663 2016 750 2082 Clai.
796 2016 926 2081 Ibidem
947 2016 1097 2081 Thomas
1117 2018 1276 2082 Hamelin

170 2121 271 2203 debet
287 2143 381 2187 .xx‚s.
397 2121 440 2185 de
451 2121 554 2186 firma
593 2122 722 2186 ibidem
742 2120 876 2185 feodum
894 2122 1053 2186 Wiiielmi
1070 2123 1160 2188 Pirot
1175 2124 1277 2188 debet

170 2226 248 2292 ,xiii
264 2226 419 2290 denarios
434 2227 477 2291 de
492 2226 620 2291 auxilio
635 2226 848 2292 vicecomitis
892 2226 928 2292 R

236 2330 466 2414 Pampeswrth
488 2330 737 2415 [Pampisiord].
783 2330 948 2395 Radulsus
973 2331 1017 2395 de
1042 2332 1163 2396 Bancis
1185 2341 1277 2397 tenet

170 2432 236 2517 .iiij.
259 2443 390 2516 partem
414 2432 444 2516 .j.
469 2433 583 2498 militis
605 2434 648 2498 de
671 2434 797 2497 honore
821 2434 1044 2499 Richmondie
1070 2445 1104 2500 et
1125 2436 1226 2500 debet
1249 2436 1276 2500 .i.

172 2546 308 2613 sectam,
332 2537 433 2601 etde
456 2536 585 2601 auxilio
610 2537 815 2602 vicecomitis
838 2537 904 2619 ijs
952 2536 1081 2629 ibidem
1109 2538 1277 2603 Robertus

174 2641 292 2723 Safrey
307 2650 341 2705 et
357 2642 546 2707 Willelmus
570 2642 710 2705 Ferrard
731 2650 848 2706 tenent
867 2642 1041 2707 dimidiam
1061 2643 1176 2708 hidam
1192 2654 1278 2709 terre

173 2766 231 2829 per
268 2746 445 2809 seruicium
484 2746 548 2827 iiij.
586 2747 690 2830 partis
728 2746 817 2811 feodi
855 2748 883 2811 .i.
922 2747 1037 2811 militis
1071 2750 1117 2813 de
1152 2750 1278 2813 honore

175 2850 397 2914 Richmondie
419 2859 453 2914 et
477 2851 601 2915 debent
628 2872 686 2935 per
709 2872 834 2916 annum
857 2852 900 2916 de
922 2853 1054 2916 auxilio
1072 2855 1278 2918 vicecomitis

174 2954 279 3035 ,viij.d.
342 2954 471 3017 ibidem
503 2964 581 3019 sunt
612 2956 673 3037 vij.
704 2956 783 3020 hide
812 2957 902 3020 vnde
931 2977 997 3020 vna
1025 2957 1166 3022 dimidia
1199 2956 1279 3021 hida

173 3067 259 3122 terre
274 3078 376 3141 quam
398 3057 563 3123 Radulfus
586 3061 629 3123 de
645 3059 766 3123 Bancis
786 3070 821 3123 et
838 3060 1026 3125 Wiiieimus
1039 3060 1127 3125 filius
1144 3060 1278 3125 Radulfi

174 3170 207 3225 et
235 3160 403 3225 Robeitus
430 3160 561 3244 Saffrey
585 3172 709 3239 tenent,
733 3164 766 3227 id
795 3174 846 3228 est
872 3164 1011 3228 dimidia
1034 3164 1122 3240 hida,
1144 3176 1178 3228 et
1201 3175 1279 3229 sent

174 3265 366 3349 geidabiies.

240 3369 385 3451 Homye
397 3370 649 3455 [Horseheath].
695 3374 783 3437 item
804 3373 848 3437 de
872 3374 1027 3456 Horseya
1046 3374 1217 3457 johannes
1236 3374 1280 3438 de

177 3474 314 3539 Penfeid
345 3476 445 3541 debet
478 3475 561 3559 ‚vid
591 3478 634 3542 de
668 3477 763 3542 firma
798 3487 832 3542 et
861 3491 1004 3563 quatuor
1038 3479 1123 3563 [de]¹
1153 3480 1281 3544 auxilio

175 3580 388 3645 vicecomitis.
435 3580 565 3644 Ibidem
597 3582 648 3645 W.
681 3581 794 3645 Minae
823 3582 924 3647 debet
954 3586 982 3647 .i.
1012 3594 1137 3647 sectam
1168 3594 1203 3648 et
1232 3583 1280 3648 ‘de

176 3684 303 3748 auxilio
325 3686 528 3749 vicecomitis
550 3684 647 3767 ‚iiij.d.

342 4022 547 4087 Hundredus
567 4024 606 4088 de
636 4024 828 4105 Witlessord
845 4024 1118 4112 [whitttessordJ.

244 4176 393 4241 Hinxton
410 4177 607 4263 [Hinxton1.
654 4179 717 4245 Est
733 4181 858 4247 ibidem
875 4182 1009 4248 feodum
1025 4185 1054 4248 .i.
1066 4182 1180 4248 militis
1195 4188 1283 4251 vnde

180 4280 301 4347 Saerus
323 4282 367 4346 de
391 4283 516 4348 Sancto
538 4285 678 4350 Andrea
698 4296 732 4351 et
752 4288 932 4371 participes
952 4290 1002 4353 sui
1023 4300 1139 4355 tenent
1159 4291 1284 4355 medie·

178 4394 293 4467 tatem,
308 4396 343 4451 et
362 4386 500 4451 heredes
521 4388 564 4452 de
584 4389 707 4472 Torpel
729 4391 945 4458 medietatem
966 4392 1009 4457 de
1027 4392 1166 4458 domino
1188 4395 1284 4481 Rege

662 4544 672 4577 ¹
688 4545 723 4605 d.,
735 4546 793 4597 MS.
