3234 5059
362 340 431 409 144
690 319 784 391 Fz're
809 327 852 391 at
886 318 1120 391 Waterbeaclz
1342 315 1461 415 [Boon

355 501 510 583 Johanne
531 501 561 567 le
583 503 687 580 Clerc,
710 501 861 568 Galfrido
881 503 924 566 de
939 503 1029 579 Tost,
1048 502 1202 584 Johanne
1223 502 1266 565 de
1284 502 1461 578 Colcestre‚

358 608 505 671 Henrico
529 611 698 691 preposito
725 609 767 672 de
794 608 998 683 Cestertone‚
1023 607 1197 672 Clemente
1220 606 1461 681 elemosinario,

195 711 276 812 {effi
287 762 317 804 ue
355 720 389 774 et
405 711 485 774 aliis.
534 711 627 775 Idem
644 733 724 775 uero
741 712 865 775 Rector
880 710 1010 775 iacebat
1025 712 1058 774 in
1075 710 1161 774 lecto
1183 710 1338 774 infirmus.
1386 711 1460 775 Pre-

193 811 301 904 gfgfffl
355 812 463 877 dictus
477 834 555 878 uero
567 814 903 896 dominusJohannes
914 813 1095 877 monachus
1107 822 1141 877 et
1153 813 1302 876 Thomas
1314 814 1459 877 seruiens

355 917 426 981 eius
442 927 650 982 accesserunt
665 918 708 981 ad
728 938 804 981 eum
826 927 860 980 et
880 928 1108 1000 exposuerunt
1130 918 1160 981 ei
1181 917 1459 1000 protestacionem

356 1033 389 1086 et
412 1023 708 1087 denunciacionem
732 1023 855 1086 iactam
879 1042 939 1104 per
961 1021 1167 1103 subpriorem
1192 1022 1234 1085 de
1260 1022 1460 1086 Bemewelle

356 1127 398 1190 de
419 1127 576 1210 expensis
598 1127 693 1191 iactis
715 1128 745 1191 in
769 1127 836 1203 lite,
851 1136 885 1191 et
905 1127 948 1191 de
968 1127 1139 1191 sentencia
1158 1136 1273 1190 contra
1293 1147 1370 1190 eum
1392 1126 1460 1190 lata

356 1230 388 1294 in
413 1232 503 1294 curia
526 1251 671 1294 romana.
719 1231 768 1294 At
790 1229 846 1294 ille
868 1239 978 1293 tactus
1000 1230 1115 1292 dolore
1135 1230 1243 1293 cordis
1263 1230 1460 1294 intrinsecus

356 1335 491 1398 diuertit
511 1356 547 1399 se
567 1337 609 1399 ad
632 1337 802 1418 parietem,
818 1345 852 1398 et
873 1355 939 1398 non
961 1335 1069 1398 multo
1089 1344 1166 1416 post
1187 1335 1361 1418 expirauit.
1407 1334 1460 1398 De

355 1440 513 1520 expensis
543 1438 642 1502 nichil
674 1439 836 1503 hactenus
871 1439 1146 1521 recuperauimus,
1175 1459 1237 1502 nec
1273 1439 1379 1502 eciam
1416 1439 1462 1558 aff

356 1542 502 1606 valorem
530 1544 625 1606 vnius
651 1543 750 1619 oboli,
775 1543 833 1606 sed
861 1551 993 1606 tantum
1020 1543 1262 1624 possessionem
1286 1540 1458 1624 pacificam

355 1645 559 1709 decimarum
583 1647 626 1709 de
648 1646 768 1730 quibus
790 1656 861 1709 erat
883 1645 1065 1709 contencio.

613 1981 665 2060 64.
708 1979 760 2043 Dc
783 1979 924 2044 incendi)
945 1979 985 2042 de
1009 1977 1212 2042 Waterbeclu.

194 2234 260 2276 now
269 2239 320 2277 tw„
423 2205 502 2268 Duo
523 2203 681 2284 carucarij
707 2203 826 2266 Prioris
847 2205 879 2266 in
904 2201 982 2266 villa
1005 2203 1048 2266 de
1070 2200 1291 2266 Waterbeche
1313 2203 1458 2285 quadam

191 2285 342 2346 ploughmen
421 2316 434 2371 t
486 2309 493 2322 .
539 2308 586 2370 b
611 2308 635 2370 t·
916 2307 923 2318 -
1055 2308 1062 2321 .
1113 2307 1157 2369 bo
1219 2307 1226 2320 .
1380 2308 1388 2321 .
1434 2308 1441 2321 .

191 2334 343 2377 olthel’nor
356 2328 454 2372 noce
485 2328 537 2371 ine
562 2328 635 2370 rial
667 2317 884 2390 portauerunl
913 2327 1026 2388 ignem
1053 2328 1085 2371 ln
1159 2327 1293 2382 uellam,
1318 2318 1353 2371 et
1379 2327 1460 2389 ipsis

192 2385 597 2477 iiiiiil‘ai‘dormientibus
622 2412 732 2474 subito
759 2413 862 2475 creuit
889 2409 1025 2474 flamma
1050 2421 1085 2474 et
1111 2411 1294 2475 combussit
1319 2413 1458 2476 domum

191 2486 292 2627 {iiiii
356 2517 389 2579 in
427 2537 493 2599 qua
524 2515 684 2590 iacebant,
718 2526 752 2578 et
781 2535 899 2578 omnes
929 2517 1048 2578 domos
1078 2535 1143 2597 que
1173 2525 1267 2578 erant
1297 2515 1331 2578 in
1361 2517 1459 2591 curia,

191 2636 317 2728 plevoppf
354 2630 499 2703 excepto
525 2620 643 2683 horreo
669 2628 808 2682 tantum.
856 2619 943 2701 Equi
971 2619 1075 2682 eciam
1104 2628 1138 2681 et
1164 2618 1267 2682 boues
1293 2629 1328 2682 et
1350 2630 1460 2683 cetera

190 2698 341 2829 {3311le
355 2723 512 2787 animalia
535 2724 710 2786 combusta
732 2733 809 2785 sunt
833 2731 866 2784 et
890 2732 1030 2798 mortua,
1050 2732 1084 2786 et
1104 2723 1137 2784 in
1159 2731 1289 2786 tantum
1310 2722 1460 2787 fetebant

265 2817 270 2828 ¹
355 2828 444 2910 quod
462 2825 661 2890 senescallus
677 2825 752 2888 iecit
768 2845 807 2887 ea
824 2823 1019 2888 festinanter
1033 2825 1173 2906 sepeliri.
1218 2824 1361 2889 Predicti
1380 2846 1459 2888 uero

354 2930 511 3011 carucarij
537 2951 595 3013 per
618 2929 795 2993 clamorem
820 2928 1014 2992 animalium
1037 2928 1170 2991 suerunt
1191 2950 1212 2992 a
1234 2949 1377 3012 sompno
1400 2951 1459 2993 ex·

354 3035 544 3119 pergesacti,
558 3035 647 3098 vnde
662 3054 746 3095 vnus
767 3052 881 3096 eorum
903 3034 1056 3096 transiuit
1077 3054 1136 3116 per
1156 3033 1303 3097 medium
1324 3033 1459 3097 flamme

354 3141 482 3216 nudus;
515 3150 548 3202 et
571 3137 658 3201 male
680 3147 910 3201 concrematus
933 3138 1026 3220 quasi
1048 3156 1164 3200 amens
1185 3137 1270 3218 fugit
1289 3158 1395 3220 usque
1415 3139 1457 3200 ad

354 3247 466 3310 villam
490 3245 532 3309 de
557 3245 734 3327 lmpitone‚
757 3254 791 3309 et
815 3245 982 3307 residuum
1006 3244 1112 3307 tocius
1136 3244 1204 3306 uite
1231 3264 1289 3306 sue
1312 3245 1399 3307 vixit
1425 3245 1457 3306 in

354 3353 521 3434 languore.
567 3349 664 3412 Alter
680 3368 759 3412 uero
775 3347 969 3424 carucarius,
985 3349 1113 3410 exitum
1135 3347 1281 3411 inuenire
1301 3349 1460 3424 nesciens,

353 3465 583 3520 concrematus
599 3463 769 3535 estusque
785 3453 827 3515 ad
842 3463 992 3529 mortem,
1005 3452 1092 3515 vnde
1103 3473 1222 3534 corpus
1239 3452 1309 3515 eius
1325 3453 1459 3516 misera-

353 3560 420 3624 bile
441 3560 614 3622 inuentum
634 3565 685 3619 est
706 3555 739 3619 in
761 3557 906 3619 crastino
927 3555 971 3618 ad
993 3557 1130 3618 modum
1152 3556 1243 3638 porci
1266 3556 1411 3631 ustulati,
1426 3565 1460 3624 et

354 3662 452 3728 ualde
468 3661 623 3725 horribile
639 3661 681 3724 ad
699 3660 951 3743 inspiciendum.
991 3660 1083 3722 Prior
1099 3679 1178 3722 uero
1193 3669 1227 3722 et
1242 3659 1393 3722 canonici
1410 3660 1459 3723 sui

354 3769 471 3832 eodem
489 3776 639 3849 tempore
659 3764 801 3827 multum
824 3774 918 3827 erant
939 3765 1068 3846 grauati
1090 3774 1226 3846 propter
1246 3764 1457 3826 amissionem

353 3871 597 3954 temporalium,
614 3871 672 3932 sed
690 3868 797 3931 multo
814 3870 920 3949 magis
936 3868 1117 3950 angustiati
1137 3868 1169 3930 in
1192 3878 1304 3930 mente
1325 3877 1460 3949 propter

254 3990 271 4040 f.
286 3991 340 4054 531>
353 3975 568 4040 infortunium
592 3975 775 4038 hominum.
821 3971 1086 4054 Verumptamen
1110 3981 1285 4034 coronator
1301 3970 1348 4033 ita
1362 3980 1459 4033 caute

353 4079 430 4144 iecit
440 4079 584 4142 officium
596 4098 693 4141 suum
705 4076 795 4159 quod
811 4075 903 4138 Prior
914 4073 1025 4158 quoad
1038 4075 1161 4137 curiam
1175 4074 1261 4156 regis
1273 4073 1457 4156 dampnum

353 4205 418 4248 non
435 4184 552 4247 habuit
567 4203 629 4246 nec
645 4182 815 4244 iacturam.
