3234 5059
349 368 396 439 24
724 347 764 422 T
757 349 802 423 lu
833 348 960 423 Third
981 350 1084 424 Book

347 548 390 601 49.
430 534 567 590 Placitum
579 545 679 591 contra
693 529 727 590 R'
757 536 884 592 'nudum
897 532 1094 605 Schereirynd.

349 618 391 675 50
430 606 476 661 De
488 616 580 661 morte
593 607 680 675 Regis
696 608 724 662 H
739 605 845 691 enrici}

350 690 391 747 5¹·
430 677 475 731 De
495 676 615 761 placitis·
624 689 689 748 post
705 678 919 734 itinerationem
932 678 1067 733 dedomo
1081 678 1212 748 Magistri
1225 678 1338 735 'rhome
1350 678 1386 735 de
1398 680 1462 751 Tyd

527 764 688 804 rasstsaun

353 832 393 888 52.
432 820 477 873 De
488 765 608 874 giemidia
619 819 730 889 virgata
741 828 816 875 terre
828 834 915 891 quam
929 820 1058 890 Rogems
1071 820 1191 875 vicarius
1201 818 1238 875 de
1250 821 1364 877 Brunne
1372 823 1462 879 tenuit

490 891 527 946 de
545 889 663 945 domino
681 888 836 963 G[ilbert0]
854 890 956 946 Peche.

351 974 393 1031 53.
432 961 478 1017 De
487 962 673 1087 &ntendppe
681 962 796 1018 chascie
806 963 880 1017 inter
890 962 1051 1031 Burgenses
1062 961 1245 1031 Cantebrigie
1253 973 1281 1018 et
1293 964 1416 1019 Priorem
1426 963 1463 1022 de

518 1049 627 1089 emente
647 1049 671 1088 e.

353 1116 393 1173 54
433 1104 479 1159 De
490 1103 595 1174 placito
607 1113 706 1159 contra
717 1113 774 1159 tem
796 1104 882 1159 larios
914 1104 1078 1159 roecclesia
1092 1104 1337 1161 deWaterbeclte.

351 1186 394 1243 55.
433 1176 479 1230 De
491 1174 652 1230 tenentibus
664 1120 796 1230 serrasti

354 1245 395 1316 56.
434 1245 605 1300 lnrotulacio
617 1246 655 1300 ad
667 1245 842 1301 scaccarium
854 1245 891 1300 de
903 1244 1052 1316 Judaismo
1064 1262 1116 1317 pro
1130 1247 1241 1316 Rogero
1254 1246 1371 1304 Giilard.

353 1329 394 1385 57.
433 1317 479 1373 De
495 1316 600 1443 placito
615 1326 715 1373 contra
730 1316 878 1372 dominum
897 1318 1011 1373 Petrum
1027 1315 1065 1371 de
1082 1317 1212 1373 Chauent
1229 1333 1281 1387 pro
1294 1320 1413 1374 seruicio
1425 1320 1461 1375 de
1491 1316 1495 1323 '

793 1174 871 1244 ogeri
915 1174 1004 1229 iffard.

353 1458 394 1527 58
433 1396 786 1541 tuntffrgsstsseimpitone.

351 1543 395 1653 ἐξ
433 1530 679 1683 greepaelslpelpcpcio
691 1602 760 1682 dato
772 1600 801 1655 in
815 1598 892 1655 curia
904 1598 941 1654 de
956 1598 1146 1655 Badburltam.
1225 1671 1231 1682 ι

351 1671 393 1725 61.
434 1672 478 1725 De
498 1672 602 1741 placito
623 1683 696 1726 mter
715 1673 842 1727 Priorem
861 1671 898 1727 de
919 1670 1090 1726 Bernewelle
1109 1682 1137 1726 et
1156 1671 1301 1726 dommum
1319 1674 1461 1729 Thomam

495 1742 640 1799 Lenebaut
668 1742 899 1798 archidiaconum
932 1740 1136 1796 Suffolcensem
1166 1759 1262 1797 coram
1293 1743 1461 1814 justiciariis

495 1812 582 1883 Regis
600 1814 676 1885 apud
695 1812 852 1868 Cattishale
870 1811 906 1867 de
926 1810 1050 1867 Redditu
1068 1811 1105 1867 de
1126 1813 1272 1869 Burstalle.

351 1884 394 1939 62.
433 1886 479 1939 De
491 1884 624 1939 Ysabella
636 1884 747 1955 Chyuin
762 1882 942 1939 lnrotulacio.
980 1882 1168 1951 Cantebrigie.

351 1956 394 2023 63„
433 1954 573 2081 glacitum
584 1957 621 2010 de
635 1955 762 2011 Decimis
774 1954 811 2009 de
825 1956 963 2023 Hystoue.

291 2028 309 2080 t.
322 2027 339 2079 6
351 2026 394 2094 64.
462 2044 479 2083 e
492 2026 624 2081 incendio
635 2027 672 2082 de
684 2026 882 2081 Waterbeche.

350 2097 395 2166 65.
433 2100 479 2153 De
491 2108 581 2153 morte
595 2098 793 2153 Mercatorum.

350 2168 393 2223 66.
432 2170 478 2224 De
490 2178 578 2224 strata
589 2168 726 2237 ampliata
737 2183 787 2237 per
799 2182 882 2238 prece
902 2175 961 2220 tum
977 2165 1071 2233 Regis.

350 2241 392 2307 67.
432 2239 571 2295 Placitum
582 2249 682 2295 contra
692 2248 855 2320 executores
869 2184 1027 2307 lbfillelml]
1042 2236 1174 2293 Killtenni
1188 2238 1311 2309 episcopi
1329 2240 1460 2311 Elyensis

492 2312 530 2367 dc
548 2322 662 2366 centum
679 2325 790 2366 marcis

349 2383 393 2437 68.
431 2381 548 2438 Domini
561 2382 681 2464 §alfridi
697 2381 734 2437 de
750 2380 873 2435 Bauncls
893 2379 980 2434 Carta
996 2378 1033 2434 de
1052 2379 1182 2449 deposito
1199 2380 1306 2437 scilicet
1322 2382 1359 2437 de
1375 2383 1458 2453 .xviij.

492 2470 603 2508 marcis.

350 2527 392 2594 69
431 2526 477 2579 De
492 2525 580 2650 xlviij.
599 2523 702 2578 marcis
721 2521 847 2578 liberatis
866 2520 991 2575 Domino
1009 2518 1178 2594 W[illelmo]
1189 2521 1226 2576 de
1245 2532 1357 2578 mortuo
1377 2524 1459 2581 Mari.

521 2596 705 2651 cuietancia.

350 2681 392 2735 7α
431 2669 477 2722 De
491 2614 630 2736 Magistro
643 2664 784 2720 Emericio
796 2663 833 2719 de
847 2664 929 2733 Rupe
942 2662 1079 2717 Cawardi.

350 2753 392 2807 71.
431 2741 477 2793 De
493 2736 604 2809 placitis
620 2737 648 2791 in
665 2738 765 2789 itinere
782 2733 1005 2805 justiciariorum
1025 2748 1121 2788 coram
1140 2734 1257 2789 domino
1275 2735 1405 2805 Johanne
1424 2737 1459 2792 de

492 2808 621 2863 Vallibus
639 2817 667 2861 et
686 2806 771 2860 sociis
790 2805 856 2859 suis.

348 2895 391 2948 72.
431 2880 569 2935 Placitum
581 2888 680 2932 contra
692 2878 837 2931 Gouoram
851 2876 887 2930 de
901 2876 1028 2929 Bertone.
1066 2876 1180 2945 Assysa

349 2966 391 3020 73.
431 2953 476 3006 De
488 2952 555 3005 dote
570 2948 691 3003 lsabelle
703 2948 739 3001 de
752 2948 861 3001 Thana.

349 3037 390 3091 74.
428 3024 475 3077 De
487 3039 535 3077 sex
549 3021 652 3076 marcis
664 3019 739 3073 datis
751 3018 826 3073 dicte
840 3018 974 3071 Gonnore
988 3034 1037 3088 per
1049 3017 1282 3087 recognitionem.

349 3107 390 3164 75.
429 3093 568 3147 Placitum
580 3091 617 3146 de
632 3090 753 3172 Matilda
768 3090 795 3143 le
809 3090 925 3143 Camere
937 3104 988 3159 pro
1006 3088 1152 3157 mesuagio
1169 3098 1196 3143 et
1213 3088 1303 3145 crofta
1320 3091 1457 3161 capellani

348 3236 390 3303 76.
428 3172 616 3290 Placiftigteiilg
628 3162 814 3299 ἐὲιιὲιᾚὲιᾶῖ
826 3229 997 3285 Herlistone.
1036 3230 1214 3285 lnrotulacio.

348 3322 390 3375 77.
429 3306 568 3361 Placitum
580 3312 680 3359 contra
693 3304 836 3371 Rogemm
850 3301 996 3356 Barbedor
1008 3300 1044 3356 de
1061 3302 1219 3357 Henxtone.

347 3380 390 3446 78.
428 3375 599 3432 lnrotulacio
611 3375 647 3431 de
658 3390 758 3442 assysa
769 3381 855 3445 capta
867 3381 895 3427 et
907 3388 1004 3427 eorum
1018 3372 1170 3427 ueredicto.

348 3463 390 3520 79
429 3450 578 3503 iuratores

347 3523 390 3576 ilot
429 3520 568 3574 Placitum
579 3528 679 3572 contra
693 3514 849 3570 Henricum
861 3514 971 3585 Tuylet

348 3594 390 3648 81.
429 3587 608 3645 lnrotulacin

347 3664 390 3719 82.
428 3660 577 3717 Delemna
627 3658 676 3714 cis.

347 3736 389 3803 85
427 3732 566 3788 Placitum
598 3730 714 3786 edomo
728 3728 803 3785 Petri
818 3727 1014 3796 Scherewyud.

347 3806 389 3873 84
428 3802 607 3859 lnrotulacio.

347 3880 389 3946 85.
428 3873 565 3930 Placitum
578 3873 615 3928 de
628 3870 792 3927 molendino
804 3870 943 3941 Johannis
956 3871 983 3924 le
998 3870 1064 3925 Rus.

347 3947 389 4003 86
428 3944 608 4000 lnrotulacio.

347 4022 389 4085 87.
429 4016 513 4071 lurati
526 4015 564 4071 de
576 4016 700 4085 Hugone
711 4014 738 4069 le
752 4014 820 4068 Rus.

348 4090 390 4144 88.
429 4088 566 4142 Placitum
579 4086 617 4141 de
628 4085 772 4141 willelmo
784 4085 892 4139 Warin.

348 4162 390 4229 89
428 4159 567 4214 Placitum
579 4158 707 4228 pulcrum
719 4166 819 4211 contm
832 4154 1013 4225 Radulphum
1027 4156 1053 4209 le
1068 4154 1141 4209 Lord
1153 4155 1191 4210 de
1205 4157 1332 4209 Bertone.

347 4248 390 4300 96
430 4233 474 4283 De
488 4231 614 4285 Waltero
626 4230 653 4283 le
667 4229 749 4283 Lord.
788 4226 968 4283 lnrotulacio.

347 4320 390 4372 9¹·
430 4301 567 4356 iudicium
580 4300 700 4354 mittitur
712 4298 750 4353 ad
763 4298 900 4353 Bancum.

346 4390 390 4443 92.
429 4374 474 4428 De
485 4372 602 4427 domino
614 4371 733 4425 Warino
745 4368 781 4424 de
795 4370 899 4423 lusula.

347 4461 390 4519 95
429 4446 474 4499 De
485 4444 581 4519 quieta
592 4442 767 4497 clamacione
780 4442 857 4497 Luce
872 4438 1041 4496 Marescslli.
