3234 5059
339 365 406 435 124
479 343 592 416 What
616 343 726 440 befall
747 342 851 416 when
877 342 939 416 the
963 369 1049 416 war
1071 369 1148 418 was
1173 371 1262 419 over
1318 344 1438 444 [BOOK

542 543 591 610 35.
637 529 689 593 De
708 529 961 613 oppressionibus
974 540 1053 613 post
1065 551 1233 614 guerram

170 685 237 728 now
398 655 592 740 Antequam
614 677 683 740 pax
705 667 818 741 posset
839 657 1008 722 reformari
1031 660 1137 724 multa
1158 658 1282 723 fiebant
1299 659 1436 723 malain

167 747 307 849 liiiitw
332 767 427 836 terra,
448 781 506 843 per
530 761 693 838 incendia,
719 783 778 845 per
802 761 1064 844 depredaciones
1089 784 1147 846 per
1169 765 1315 827 uirorum
1340 764 1438 828 inter·

166 837 292 880 ΜΝ·
333 863 500 941 sectiones,
516 886 575 948 per
595 865 875 929 incarceraciones
894 875 928 930 et
946 868 1155 948 captiuorum
1179 867 1438 951 redempciones,

332 976 366 1031 et
387 988 446 1051 per
466 969 553 1033 bella
573 968 714 1046 diuersa,
730 970 887 1053 precipue
908 972 997 1053 apud
1022 972 1138 1036 Lewes
1153 982 1187 1037 et
1204 972 1387 1038 Cestret'eld
1404 980 1438 1036 et

334 1073 512 1152 Euesham,
526 1072 580 1138 vbi
599 1074 720 1139 Comes
738 1075 931 1157 Leycestrie
946 1085 1017 1140 erat
1034 1077 1242 1154 interfectus;
1263 1077 1438 1162 dequibus

333 1178 471 1262 longum
502 1189 589 1244 esset
619 1180 733 1243 omnia
763 1181 909 1244 recitare.
955 1179 1023 1245 Sed
1054 1182 1227 1247 sciendum
1258 1190 1308 1246 est
1338 1182 1438 1266 quod,

333 1281 484 1365 Symone
504 1284 548 1348 de
569 1284 688 1348 Monte
705 1284 797 1347 Forti
820 1283 1003 1363 interfecto,
1022 1285 1100 1350 Rex
1117 1307 1193 1350 cum
1210 1287 1360 1351 exercitu
1376 1306 1438 1350 suo

169 1409 307 1452 senenses
332 1387 464 1452 obsedit
486 1388 642 1453 Castrum
658 1389 702 1453 de
718 1389 937 1466 Kenilwrthe,
953 1400 987 1454 et
1003 1392 1149 1473 optinuit
1165 1393 1198 1454 in
1214 1389 1322 1454 forma
1336 1391 1437 1474 pacis.

166 1460 288 1560 &genapu-
333 1489 500 1554 Dominus
521 1493 626 1556 eciam
649 1492 857 1556 Eadwardus
879 1493 1060 1575 prudenter
1075 1495 1211 1559 intrauit
1227 1496 1260 1558 in
1279 1494 1437 1570 Insulam,

167 1561 316 1604 ”mm
331 1603 366 1657 et
388 1593 422 1657 in
445 1594 552 1658 sorma
576 1596 666 1678 pacis
689 1597 770 1660 satis
794 1595 961 1660 curialiter
983 1598 1105 1680 agebat
1126 1619 1202 1662 cum
1224 1597 1438 1662 Insularibus.

333 1699 379 1762 Et
400 1700 447 1763 sic
463 1700 600 1764 demum
617 1701 830 1783 preconizata
846 1710 917 1765 erat
933 1723 1002 1784 pax
1018 1723 1079 1785 per
1093 1713 1200 1767 totam
1217 1703 1388 1786 Angliam‚
1404 1711 1437 1766 et

332 1800 421 1865 iacta
436 1811 487 1865 est
502 1801 671 1866 exultacio
688 1823 811 1885 magna
827 1803 860 1865 in
877 1804 1033 1868 omnibus
1046 1803 1167 1869 finibus
1179 1815 1273 1882 terre,
1285 1806 1437 1889 exceptis

332 1905 395 1968 hiis
411 1904 592 1969 dumtaxat
607 1907 664 1989 qui
680 1907 823 1969 oderunt
839 1926 966 1988 pacem.

170 2042 252 2085 om„
397 2009 662 2092 Verumptamen
674 2009 828 2092 quamuis
842 2030 960 2073 manus
973 2023 1177 2076 armatorum
1190 2013 1352 2096 populum
1368 2033 1436 2076 non

168 2093 318 2187 lill‘ffl'
332 2123 477 2191 terreret,
493 2115 732 2179 ecclesiasticas
744 2136 913 2197 personas
928 2125 962 2179 et
978 2116 1148 2199 religiosos
1164 2118 1318 2201 angustie
1334 2118 1438 2181 multe

168 2193 305 2288 liliisne
333 2230 577 2302 oppresserunt,
590 2230 661 2283 tum
679 2240 738 2303 per
754 2221 1007 2301 procuraciones
1024 2221 1135 2303 legato
1147 2222 1282 2297 solutas,
1294 2231 1366 2284 tum
1380 2242 1439 2304 per

167 2295 280 2338 ‘mm'
333 2325 480 2388 decimas
501 2325 639 2389 domino
662 2325 747 2408 Regi
764 2345 948 2402 concessas,
964 2335 998 2389 et
1013 2327 1120 2389 eciam
1136 2347 1268 2390 summo
1285 2325 1438 2391 Pontifici

332 2451 391 2514 per
411 2431 535 2495 multos
557 2452 672 2508 annos,
687 2433 809 2495 deinde
830 2430 917 2514 [per]
938 2431 1121 2507 vicesimas,
1137 2429 1224 2514 [per]
1246 2431 1439 2506 tricesimas,

331 2545 366 2598 et
386 2532 473 2618 [per]
493 2535 769 2617 quintadecimas,
784 2534 872 2618 [per]
894 2535 1148 2617 procuraciones
1174 2536 1322 2617 magistri
1349 2536 1438 2617 Rey-

333 2638 474 2718 mundi¹,
490 2640 639 2723 magistri
652 2638 868 2715 Ardicionis2,
881 2639 1031 2721 magistri
1044 2638 1171 2703 Gliredi
1185 2639 1438 2724 Archiepiscopi

334 2743 521 2827 Ragensis⁸,
534 2753 568 2807 et
584 2745 617 2806 in
634 2743 819 2808 subsidium
836 2753 921 2807 terre
938 2752 1061 2807 sancte.
1101 2744 1147 2807 Et
1162 2744 1195 2806 in
1211 2753 1344 2808 tantum
1360 2755 1438 2809 sunt

333 2849 511 2912 excoriati⁴
533 2848 592 2911 viri
616 2848 761 2930 religiosi
784 2845 875 2929 quod
900 2846 1038 2911 tedebat
1058 2868 1116 2912 eos
1143 2849 1263 2925 uiuere,
1284 2848 1438 2913 videntes

332 2952 505 3016 ecclesiam
530 2951 584 3015 dei
607 2951 755 3016 ancillari
778 2971 843 3034 que
866 2950 952 3014 solet
975 2971 1047 3014 esse
1070 2950 1181 3016 libera.

169 3075 304 3169 ffiffli
399 3057 664 3138 Verumptamen
703 3064 779 3139 post
813 3073 930 3136 pacem
965 3074 1157 3118 concessam
1194 3057 1361 3121 Prioratus
1395 3057 1438 3120 de

169 3177 304 3268 fflsssshffi‘
335 3159 536 3224 Bernewelle
551 3170 622 3223 erat
638 3157 849 3242 singulariter
864 3168 1021 3223 oneratus
1041 3180 1100 3242 per
1118 3159 1293 3225 dominum
1310 3161 1438 3225 Willel·

168 3278 280 3370 {ssffil‘d
335 3285 427 3328 mum
443 3264 486 3328 de
502 3263 628 3329 Sancto
645 3263 770 3328 Omero
785 3263 843 3346 qui
859 3272 930 3327 erat
945 3264 1152 3346 justiciarius
1169 3266 1255 3347 regis
1271 3268 1313 3329 ad
1331 3267 1437 3351 inqui-

168 3377 324 3470 ggglppgof
336 3369 475 3432 rendum
502 3371 545 3433 de
572 3369 777 3432 insularibus.
827 3369 893 3431 Hic
920 3369 1098 3450 occupauit
1124 3370 1244 3432 domos
1270 3369 1438 3433 Prioratus

335 3493 538 3554 perannum
560 3473 727 3555 integrum
748 3492 826 3535 cum
847 3471 974 3535 familia
995 3492 1127 3555 magna,
1143 3483 1177 3537 et
1197 3475 1332 3557 insuper
1352 3496 1438 3537 vxor

333 3577 403 3640 eius
419 3597 483 3660 que
499 3576 680 3661 aliquando
695 3576 802 3640 tenuit
820 3577 911 3640 xxii.
924 3577 1086 3640 mulieres.
1115 3578 1160 3640 Et
1175 3580 1330 3660 quamuis
1347 3578 1439 3642 Prior
1459 3584 1461 3587 ’

334 3683 457 3745 multas
480 3702 647 3765 expensas
663 3680 786 3757 lecerit,
802 3680 992 3764 multasque
1007 3682 1151 3746 iacturas
1166 3685 1341 3747 occasione
1356 3685 1438 3748 dicti

334 3785 460 3848 domini
499 3783 689 3868 W[illelmi]
723 3794 758 3848 et
792 3805 927 3847 suorum
964 3787 1163 3863 sustinuerit,
1200 3787 1289 3851 idem
1323 3796 1436 3852 tamen

382 3904 392 3936 ¹
410 3906 572 3970 Reymundus
587 3907 620 3956 de
635 3906 760 3971 Nogeriis.
795 3905 843 3956 See
861 3907 989 3956 Calmdar
1001 3906 1032 3972 of
1038 3908 1121 3971 Papal
1135 3907 1265 3970 Regnsters,
1278 3909 1319 3957 ed.
1335 3909 1408 3966 Bliss,
1420 3909 1438 3957 i.

334 4008 389 4054 444,
417 3991 505 4041 Under
516 3991 559 4040 the
570 4007 628 4055 year
643 4003 703 4053 ιαμ
713 3991 745 4039 he
756 3990 916 4040 isdescribed
927 4006 955 4039 as
966 3990 1042 4056 popul
1054 3989 1169 4055 duplaiu
1178 3990 1229 4040 and
1240 3991 1316 4056 pupal
1329 3992 1438 4042 Nuncio.

383 4072 393 4104 ¹
410 4075 441 4123 In
452 4075 495 4124 the
509 4075 634 4124 Calendar
645 4073 682 4138 (as
693 4072 783 4137 above)
795 4074 828 4123 he
838 4074 860 4123 is
870 4073 1000 4123 described
1013 4072 1039 4137 (i.
1052 4072 1110 4136 466)
1121 4089 1150 4122 as
1165 4074 1240 4138 papol
1257 4075 1374 4139 chaplaln
1388 4074 1437 4123 and

333 4159 369 4222 bp
381 4157 409 4207 ol
418 4158 539 4207 Modena.
574 4158 622 4209 See
633 4157 723 4215 below,
737 4172 761 4221 p.
776 4170 831 4218 ²05·

382 4239 549 4305 ⁸⁴⁴Ge0ffrey
563 4257 592 4290 or
606 4240 727 4298 William,
739 4241 789 4304 abp
806 4239 836 4288 of
850 4239 946 4289 Edessa
963 4239 1025 4288 alios
1043 4240 1126 4303 Reges
1143 4240 1168 4288 in
1186 4239 1300 4288 Media.¹’
1333 4241 1435 4300 stubbs,

334 4325 478 4388 Registrum
499 4325 615 4381 Sacrum,
635 4340 661 4389 p.
685 4339 738 4386 ¹4²·
773 4323 821 4374 See
844 4323 897 4372 also
918 4323 1078 4387 Rishunger's
1099 4323 1238 4380 camele,
1261 4325 1302 4374 ed.
1323 4323 1438 4373 Camden

334 4407 443 4471 society,
461 4423 487 4472 p.
506 4423 545 4470 54.
837 4405 848 4436 ⁴
865 4405 976 4462 exoriati,
989 4403 1046 4454 MS.
