3234 5059
361 409 429 475 262
681 400 877 476 Hundrcd
898 403 948 499 of
965 403 1096 477 Staim
1340 395 1461 499 [soov

360 578 576 673 W[iilelmus]
606 590 706 654 debet
737 588 765 671 .j.
795 600 932 665 sectam,
961 598 995 651 et
1030 588 1073 652 de
1102 589 1230 652 auxilio
1260 587 1463 652 vicecomitis

359 693 458 757 .xviii.
474 686 636 757 denarios.
683 686 768 757 Cla'i.
817 693 947 756 ibidem
972 692 1113 756 Brianus
1136 693 1223 757 filius
1246 693 1348 757 Aiani
1371 702 1464 757 tenet

358 786 387 879 .j'.
403 796 517 861 hidam
534 808 620 861 terre
635 790 696 881 pro
712 796 766 859 .xl.
783 806 878 879 parte
894 795 982 860 feodi
998 796 1128 860 dimidii
1150 796 1265 860 militis
1280 797 1324 861 de
1339 797 1464 860 honore

360 902 539 967 Britannie.
580 902 709 967 ibidem
727 903 759 964 in
778 902 898 984 Queye
913 911 991 965 sunt
1007 902 1060 984 iij.
1075 901 1154 965 hide
1169 913 1203 966 et
1214 902 1355 967 dimidia
1369 912 1404 965 et
1419 896 1464 964 ,ιἰ.

358 1008 433 1071 acre
455 1016 541 1071 terre
564 1005 746 1089 geldabiles
769 1016 803 1069 et
818 998 869 1088 vj.
884 1006 964 1070 hide
986 1016 1072 1071 terre
1094 1018 1128 1069 et
1150 1008 1291 1071 dimidia
1310 1008 1353 1071 de
1368 1005 1461 1068 liber·

358 1118 440 1176 tate¹
467 1100 613 1193 Eiyensiss

434 1214 637 1279 Wilhurluzm
661 1214 780 1298 [Littie
801 1215 1032 1298 Wilbraham].
1078 1216 1267 1280 Wiileimus
1282 1213 1464 1278 Talemach

358 1328 451 1381 tenet
474 1316 607 1381 feodum
636 1316 666 1398 .j.
690 1317 804 1381 militis
827 1328 862 1381 et
892 1318 1058 1381 Martinus
1089 1318 1300 1383 Camerarius
1329 1315 1463 1380 feodum

358 1421 487 1485 dimidii
518 1420 632 1485 militis
662 1420 705 1485 de
736 1419 870 1486 Comite
902 1421 1047 1487 Oxonie.
1092 1423 1245 1505 Rogerus
1275 1420 1307 1485 le
1331 1418 1464 1484 Louerd
1496 1459 1503 1500 ι,

359 1526 459 1590 debet
474 1524 504 1608 .j.
520 1535 647 1590 sectam
669 1546 729 1608 pro
749 1534 824 1589 tota
839 1524 926 1600 villa,
941 1533 975 1589 et
996 1526 1097 1590 debet
1111 1525 1193 1589 vilia
1207 1544 1407 1608 perannum
1422 1523 1466 1587 de
1501 1517 1506 1568 ·'

359 1628 486 1694 auxilio
495 1630 701 1694 vicecomitis
717 1626 817 1711 ,iiij.s.,
829 1638 862 1693 et
878 1628 1004 1693 ibidem
1016 1638 1095 1694 sunt
1106 1628 1172 1711 iiij.
1185 1629 1263 1693 hide
1273 1627 1466 1712 geldabiles.

360 1733 448 1800 Cla'r'.

428 1836 640 1902 *Wilburham
663 1837 765 1920 Regu
791 1836 910 1921 [Great
940 1836 1172 1921 Wiibraham].
1228 1837 1397 1901 Robertus
1423 1835 1466 1897 de

364 1942 477 2007 Insula
514 1952 605 2007 tenet
635 1942 676 2024 ij.
706 1942 803 2006 hidas
838 1952 924 2006 terre
959 1943 1002 2005 de
1036 1942 1162 2007 honore
1199 1940 1371 2006 Britannie
1408 1958 1468 2023 per

359 2048 540 2130 socagium.
586 2045 751 2111 Radulsus
778 2046 864 2111 tilius
895 2046 1035 2110 fulconis
1064 2057 1158 2111 tenet
1179 2048 1235 2111 .xl.
1259 2067 1352 2111 acras
1382 2055 1468 2110 terre

360 2151 484 2215 ibidem
500 2152 544 2215 de
561 2150 687 2215 honore
703 2150 874 2215 Britannie
891 2172 949 2234 per
963 2152 1143 2235 socagium.
1190 2151 1285 2215 idem
1303 2148 1468 2214 Radulius

359 2255 460 2320 debet
490 2256 532 2319 de
563 2256 691 2319 auxilio
721 2255 926 2317 vicecomitis
956 2275 1017 2337 per
1046 2276 1171 2318 annum
1187 2255 1261 2319 Μ.
1307 2255 1353 2317 Et
1378 2253 1467 2317 idem

362 2359 526 2425 Radulsus
548 2369 583 2424 et
604 2360 774 2443 Johannes
798 2358 885 2423 filius
911 2358 1048 2424 Henrici
1071 2369 1187 2424 tenent
1201 2360 1230 2441 .j.
1245 2358 1361 2422 hidam
1381 2368 1468 2421 terre

360 2461 571 2545 geldabilem.
618 2463 664 2525 Et
685 2460 868 2545 Templarii
889 2471 923 2526 et
944 2461 1133 2526 Willelmus
1157 2461 1257 2526 Pikot
1279 2471 1395 2526 tenent
1415 2460 1468 2523 iii.

358 2567 456 2631 hidas
493 2576 579 2631 terre
616 2586 682 2629 non
712 2566 905 2651 geldabiles,
935 2576 970 2630 et
1007 2566 1100 2631 nulla
1136 2575 1228 2631 secta
1263 2566 1403 2631 debetur
1433 2566 1467 2628 in

362 2670 582 2735 Wilburham.

428 2774 608 2857 Swaslmm
642 2774 843 2860 [Swaffham
880 2776 1052 2859 BuibeckJ.
1112 2776 1292 2841 Comitissa
1330 2774 1468 2840 Oxonie

362 2886 454 2942 tenet
484 2879 618 2943 feodum
645 2878 673 2959 .j.
702 2879 817 2942 militis
847 2879 890 2942 de
920 2878 1045 2942 honore
1071 2878 1114 2942 de
1145 2880 1242 2944 Clare
1272 2887 1307 2942 et
1336 2878 1465 2941 nullum

362 2984 471 3048 reddit
491 2985 686 3065 scutagium.
732 2984 865 3048 Ibidem
880 2984 982 3048 debet
997 2983 1183 3048 Willelmus
1205 2982 1291 3047 tilius
1311 2984 1466 3067 Mayneri

357 3088 391 3172 ·.j.
421 3098 556 3153 sectam.
612 3088 782 3153 Galsridus
818 3088 861 3152 ad
896 3088 1066 3154 iordbram
1102 3088 1231 3171 [debet]
1266 3088 1295 3171 .j.
1330 3098 1466 3152 sectam.

245 3192 529 3265 t.151bMartinus
558 3191 591 3256 le
618 3192 728 3257 Blund
753 3193 855 3257 debet
882 3193 911 3275 .j.
938 3205 1062 3259 sectam
1088 3204 1122 3256 et
1149 3193 1311 3257 Ricardus
1339 3193 1405 3256 But
1431 3202 1467 3256 et

361 3298 539 3383 participes
562 3297 612 3360 sui
635 3296 664 3378 .j.
686 3307 821 3361 sectam.
869 3297 998 3362 Ibidem
1021 3297 1145 3361 debent
1166 3297 1209 3361 de
1232 3298 1359 3362 auxilio
1379 3298 1467 3361 vice-

361 3403 491 3468 comitis
522 3400 610 3482 .vij.s.
646 3401 720 3465 .x.d.
752 3423 811 3485 per
843 3422 978 3465 annum.
1036 3400 1166 3465 Ibidem
1202 3413 1281 3467 sunt
1315 3424 1358 3465 .x.
1388 3401 1467 3465 hide

361 3505 552 3591 geldabiles.
599 3505 684 3571 Clai.
1041 3586 1048 3603 .

424 3611 508 3674 Alia
525 3610 703 3691 Swafham
723 3608 923 3692 [Swaffham
941 3608 1055 3692 PriorJ.
1102 3611 1207 3693 Hugo
1222 3610 1265 3674 de
1281 3610 1465 3675 Crawdene

360 3726 453 3781 tenet
469 3715 604 3779 feodum
625 3714 654 3796 .j.
672 3713 785 3777 militis
801 3713 844 3777 de
865 3712 965 3777 seodo
982 3715 1149 3778 Hamonis
1167 3714 1302 3790 Pecche,
1318 3725 1352 3778 et
1371 3724 1465 3781 tenet

360 3822 389 3903 .j.
412 3821 527 3884 hidam
551 3829 585 3883 et
608 3818 636 3901 .j.
657 3818 870 3902 quarterium.
917 3818 1011 3882 idem
1036 3818 1140 3901 Hugo
1160 3820 1262 3882 debet
1282 3818 1311 3901 .j.
1329 3829 1467 3897 sectam,

361 3929 463 3991 etde
490 3924 617 3989 auxilio
643 3925 847 3989 vicecomitis
877 3944 937 4007 per
966 3944 1090 3987 annum
1122 3922 1222 4005 .xij.d.
1250 3925 1286 3987 B.
1333 3922 1465 3987 ibidem

362 4030 554 4095 Eborardus
585 4028 615 4092 le
646 4028 815 4111 Franceys
845 4027 947 4091 debet
977 4027 1006 4109 .j.
1036 4036 1173 4103 sectam,
1198 4037 1232 4093 et
1264 4027 1307 4092 de
1337 4028 1466 4093 auxilio

360 4135 564 4200 vicecomitis
580 4132 678 4215 .xij.d.
695 4152 902 4216 perannum,
918 4140 951 4194 et
966 4139 1059 4194 tenet
1074 4132 1102 4195 .i.
1118 4132 1240 4195 hidam.
1258 4132 1294 4195 Β.
1333 4132 1465 4197 Ibidem

360 4241 389 4324 J.
399 4239 486 4303 filius
498 4237 692 4320 Baldewyni
708 4236 808 4300 debet
825 4236 854 4318 .j.
870 4244 995 4299 sectam
1011 4244 1045 4299 et
1060 4236 1104 4299 de
1119 4236 1247 4299 auxilio
1262 4235 1466 4301 vicecomitis

360 4344 425 4428 ijs.
453 4361 669 4426 perannum.
715 4340 802 4409 Cla'r‘.
849 4340 979 4404 Ibidem
1009 4340 1195 4403 Herbertus
1217 4340 1261 4404 de
1286 4341 1466 4405 Alenchun

816 4463 825 4495 ¹
842 4464 930 4524 libero,
945 4463 1001 4513 MS.
